5018 5940
1466 419 1504 495 X

607 621 713 682 tamen
736 623 795 684 elsi
824 643 861 687 oa
882 625 1052 706 rhetorica,
1077 646 1158 710 quae
1180 648 1255 693 vera
1273 649 1323 694 ars
1345 635 1408 714 est,
1442 651 1507 695 non
1533 632 1673 694 estsine
1696 629 1857 693 dialectica
1891 629 1959 691 sive
1981 627 2078 712 (quod
2102 627 2185 690 idom
2207 627 2268 707 est)
2289 629 2359 688 sine

609 739 806 824 philosophia
828 744 939 822 (261Α
963 742 998 807 ἄν
1020 740 1062 832 μη
1084 752 1191 822 ἱκανῶς
1212 742 1428 836 praesepem),
1459 751 1622 816 dialectica
1647 755 1678 813 et
1704 749 1857 812 rhetorica
1890 767 1953 810 non
1977 754 2052 812 sunt
2075 766 2175 811 unum
2198 746 2361 829 idemque,

609 858 645 920 cl.
670 858 818 924 26601)
841 868 934 927 τοῦτο
962 863 1014 950 μὲν
1044 861 1081 929 τὸ
1104 860 1182 942 εἶδος
1209 867 1309 957 ὀρθῶς
1330 873 1433 955 ἔμοιγε
1455 862 1552 944 δοκεῖς
1584 874 1703 950 καλεῖν,
1727 861 1918 931 διαλεκτικὸν
1943 872 2058 930 καλῶν·
2090 860 2127 929 τὸ
2150 858 2185 926 δὲ
2207 860 2360 951 peroptata

608 969 693 1041 deaei
713 1003 764 1065 μοι
788 973 957 1068 διαφεύγειν
987 983 1030 1049 ἔθ’
1057 980 1144 1072 ἡμᾶς.
1189 989 1251 1052 Σιο.
1283 995 1347 1064 πῶς
1369 995 1441 1076 ρηςς
1478 981 1572 1052 καλὸν
1606 981 1663 1053 πού
1688 986 1778 1052 τισίν
1801 993 1854 1069 είη,
1884 989 1899 1055 ὃ
1932 980 2050 1052 τούτων
2072 983 2257 1070 ἀπολειφθὲν
2278 983 2360 1070 ὅμως

607 1096 699 1182 τέχνη
719 1091 921 1184 >raphaneam

773 1221 878 1285 Nolite
910 1225 1007 1308 igitur
1028 1227 1144 1310 mirari,
1167 1230 1413 1312 commilitonoS,
1446 1232 1530 1314 quod
1552 1231 1658 1296 verbis
1680 1233 1825 1315 proxime
1848 1226 2057 1315 sequentibus
2079 1226 2142 1289 iam
2167 1242 2264 1306 supra
2287 1224 2361 1287 eita-

584 1365 585 1368 ¹
608 1339 658 1419 tis,
681 1340 799 1422 quibus
823 1341 981 1426 definitur,
1004 1348 1161 1429 quomodo
1183 1350 1310 1414 tandem
1331 1351 1446 1434 aliquis
1469 1350 1523 1416 fiat
1542 1372 1637 1417 verus
1660 1357 1771 1435 orator,
1789 1351 1891 1416 2691)
1907 1356 1932 1414 εἰ
1953 1346 2007 1434 μέν
2028 1368 2075 1408 σοι
2095 1334 2220 1429 ὑπάρχει
2242 1334 2362 1428 φύσει

609 1459 752 1544 ῥητορικῷ
777 1456 856 1540 εἶναι,
880 1466 939 1526 ἔσει
963 1455 1059 1552 ρἠτωρ
1080 1459 1239 1553 ἐλλόγιμος
1260 1463 1440 1555 προσλαβὼν
1462 1463 1672 1557 ἐπιστήμην
1695 1494 1730 1534 τε
1757 1474 1807 1534 καὶ
1828 1469 2011 1556 μελέτην·
2035 1465 2108 1530 ὅτου
2129 1457 2156 1527 δ’
2183 1456 2219 1524 ἄν
2240 1462 2360 1544 lallare

613 1568 739 1655 τούτων,
761 1570 859 1663 ταύτῃΙ
878 1577 989 1658 ἀτελὴς
1007 1587 1074 1665 ἔσει,
1098 1588 1278 1653 adiciuntur
1299 1590 1393 1654 haec:
1416 1587 1486 1652 ὅσον
1506 1582 1541 1652 δὲ
1563 1590 1656 1653 αὐτοῦ
1678 1589 1803 1676 τέχνη,
1826 1589 1883 1677 οὐχ
1903 1580 1923 1670 τ’,
1947 1589 2055 1661 Λυσίας
2069 1585 2185 1670 (Τισίας
2213 1583 2360 1648 Sclraclor

610 1701 779 1780 recte,nisi
794 1701 893 1781 fallor)
908 1706 1007 1766 τεκαὶ
1023 1698 1223 1794 Θρασύμαχος
1241 1699 1407 1795 πορεύεται,
1425 1701 1510 1773 δοκεῖ
1526 1733 1576 1796 μοι
1590 1712 1748 1797 φαίνεσθαι
1762 1704 1780 1780 ἡ
1799 1703 1939 1794 μέθοδος.
1968 1707 2040 1772 Non
2062 1708 2149 1770 onim
2167 1703 2359 1767 obliviscen-

610 1819 686 1882 dum
708 1825 757 1883 cst
778 1840 796 1884 e
817 1819 959 1887 Platonis
975 1827 1132 1891 sententia
1154 1830 1355 1892 scientiam
1379 1820 1568 1914 (ἐπιστήμην)
1599 1830 1667 1894 sola
1687 1831 1850 1895 dialectica
1871 1833 1940 1894 sire
1962 1830 2104 1894 idearum
2128 1826 2280 1907 doctrina,
2302 1826 2360 1888 hoc

608 1944 666 2021 est,
689 1944 723 2003 ut
744 1943 860 2005 nostris
883 1947 1007 2008 utamur
1028 1949 1171 2011 torminis
1193 1950 1368 2031 technicis,
1390 1951 1458 2013 sola
1479 1951 1580 2034 logica
1603 1955 1634 2015 et
1655 1951 1870 2034 metaphysica
1892 1951 2064 2029 contineri,
2092 1952 2127 2010 ut
2152 1946 2244 2029 plano
2274 1944 2359 2007 idem

609 2061 649 2122 sit
670 2059 875 2144 philosophus
897 2069 992 2148 atque
1014 2064 1205 2131 dialecticus.
1249 2067 1293 2132 Ut
1318 2087 1393 2131 roro
1416 2067 1599 2134 dialecticus
1629 2070 1682 2134 fiat
1705 2072 1798 2135 etiam
1819 2071 2013 2150 rhetoricus,
2035 2088 2077 2132 ex
2100 2087 2177 2151 pura
2199 2066 2257 2129 hac
2281 2066 2360 2128 sci-

610 2180 717 2242 entia
738 2180 996 2248 descendendum
1019 2188 1048 2251 ei
1071 2187 1177 2252 estad
1201 2187 1395 2252 dialecticam
1417 2189 1564 2272 physices
1586 2193 1667 2274 parti
1688 2189 1929 2275 psychologicae
1960 2189 2203 2272 applicatam,
2231 2185 2270 2249 ad
2300 2185 2360 2248 sci·

608 2301 726 2362 entiam
747 2300 915 2367 divisionis
940 2306 972 2369 in
996 2308 1173 2370 animorum
1194 2315 1225 2371 et
1246 2310 1421 2372 orationum
1437 2310 1608 2393 generibus
1627 2309 1860 2394 distinguendis
1876 2314 1971 2393 atque
1986 2310 2035 2372 bis
2052 2308 2091 2372 ad
2107 2307 2162 2372 illa
2176 2304 2360 2389 adaptandis

609 2419 790 2503 adhibitam,
804 2425 954 2505 quoniam
971 2443 1022 2488 ars
1038 2427 1232 2492 inventionis
1249 2432 1280 2492 et
1293 2429 1509 2513 dispositionis
1532 2432 1683 2494 oratoriae
1705 2449 1769 2492 non
1786 2429 1922 2492 solome
1937 2428 2033 2493 rebus
2048 2425 2216 2492 tractandis
2232 2425 2360 2508 pendet,

607 2558 720 2604 vorum
743 2543 837 2606 etiam
861 2563 878 2607 e
900 2547 1047 2627 personis
1069 2548 1277 2630 audientium,
1300 2548 1552 2613 2691)-2711).
1597 2549 1638 2612 Et
1660 2569 1700 2613 ue
1716 2549 1811 2611 huius
1828 2549 1956 2632 quidem
1971 2549 2111 2611 theoriae
2126 2547 2174 2629 (ut
2190 2546 2247 2608 hoc
2262 2544 2360 2608 verbo

607 2662 653 2723 uti
671 2661 772 2743 liceat)
795 2665 969 2748 apphcatae
992 2671 1155 2751 praecepta
1177 2670 1339 2752 generalia
1360 2671 1537 2751 sufficiunt,
1565 2671 1662 2733 immo
1691 2669 1833 2732 sollerter
1855 2670 1901 2732 eis
1924 2667 2154 2732 moderandum
2176 2669 2225 2730 est
2246 2685 2361 2729 secun-

608 2782 683 2845 dum
706 2784 850 2868 singula,
879 2792 914 2850 ut
935 2807 953 2850 a
974 2789 1068 2850 rectis
1093 2788 1156 2851 illis
1186 2790 1391 2872 opinionibus
1420 2810 1438 2854 ο
1463 2791 1595 2854 scientia
1614 2767 1764 2872 ‘proiectis
1796 2789 1890 2852 etiam
1914 2789 2015 2872 magis
2038 2785 2295 2850 descendendum
2319 2788 2360 2849 sit

608 2902 645 2965 ad
679 2907 896 2987 perceptiones
928 2911 1022 2991 atquo
1052 2908 1169 2971 iudicia
1193 2927 1310 2974 sensus
1332 2911 1456 2974 externi
1479 2913 1511 2973 et
1531 2911 1658 2990 interni,
1679 2899 1727 2970 δεῖ
1746 2898 1784 2977 δὴ
1805 2911 1905 2968 ταῦτα
1926 2911 2034 2979 ἱκανῶς
2054 2897 2259 2984 νοήσαντα,
2282 2899 2359 2992 ,aaa

606 3026 706 3085 ταῦτα
728 3014 921 3108 θεώμενον
949 3021 1028 3088 αὐτοὶ
1050 3027 1080 3087 έν
1108 3037 1173 3100 ταῖς
1193 3019 1332 3114 πράξεσιν
1366 3023 1440 3092 ὄντα
1464 3051 1499 3092 τε
1521 3030 1571 3090 καὶ
1591 3017 1797 3114 πραττόμενα,
1820 3017 1913 3100 ὀξέως
1943 3030 1987 3107 τῇ
2015 3015 2191 3095 αἰσθήσει
2212 3017 2357 3087 δύνασθαι

608 3143 883 3207 ἐπακολουθεῖν
916 3137 1147 3232 παραγινομενὸν
1176 3169 1212 3209 τε
1243 3139 1368 3222 δυνατὸς
1398 3141 1417 3230 ᾖ
1452 3139 1784 3234 διαισθανόμενος
1814 3147 1913 3226 ἑαυτῷ
1945 3136 2157 3223 ἐνδείκνυσθαι,
2194 3142 2243 3208 ὅτι
2273 3133 2358 3217 οὗτος

608 3266 687 3326 ἐστιν
709 3264 760 3325 καὶ
781 3261 857 3332 αὕτη
878 3257 896 3332 ἡ
920 3256 1013 3348 ριἰσις,
1034 3268 1099 3353 περὶ
1117 3256 1152 3340 ές
1172 3258 1246 3330 τότε
1266 3259 1343 3335 ἦσαν
1384 3274 1418 3330 οἱ
1452 3259 1583 3354 λόγοι,
1615 3273 1663 3329 aia
1685 3271 1776 3353 ἔργῳ
1798 3271 1933 3353 παροῦσα
1955 3271 1981 3327 oi
2086 3255 2184 3327 πειθώ
2208 3263 2372 3328 2111)-

608 3387 725 3466 272Α,
748 3388 780 3447 et
800 3387 877 3446 tunc
899 3383 1027 3447 demum
1049 3388 1144 3450 etiam
1166 3388 1242 3451 recti
1271 3390 1423 3453 momenti
1453 3387 1624 3475 (εὐκαιρίας)
1645 3388 1766 3452 accedit
1788 3387 1966 3451 observatio
1989 3389 2020 3447 et
2043 3384 2150 3447 omnia
2171 3384 2246 3465 illa,
2278 3402 2359 3467 quae

606 3498 662 3589 πρὸ
689 3508 744 3576 τῆς
772 3502 880 3587 τέχνης
908 3511 997 3586 suut,
1019 3505 1126 3569 272A.
1149 3506 1185 3569 B.
1231 3509 1260 3571 A
1282 3511 1416 3574 scientia
1443 3512 1540 3595 igitur
1560 3508 1598 3572 ad
1621 3513 1738 3589 artem,
1760 3507 1798 3571 ab
1821 3514 1886 3570 arte
1909 3505 1947 3569 ad
1970 3505 2227 3569 exercitationem
2257 3508 2360 3566 trans-

608 3623 749 3688 eundum
771 3628 833 3687 est:
857 3624 936 3687 illud
958 3627 1044 3690 enim
1066 3616 1297 3693 διαισθάνεσθαι
1317 3619 1464 3692 δύνασθαι
1486 3636 1517 3694 et
1537 3627 1684 3716 εὐκαιρίαν
1705 3649 1740 3690 τε
1762 3628 1812 3689 καὶ
1833 3623 1967 3713 ἀκαιρίαν
1987 3615 2212 3710 διαγιγνώσκειν
2230 3624 2359 3707 (27211)

607 3764 672 3808 nou
695 3745 765 3808 sino
787 3745 984 3826 experientia
1018 3747 1049 3808 et
1075 3747 1302 3811 exercitatione
1324 3753 1495 3834 comparari
1514 3770 1610 3835 posse
1632 3755 1668 3815 ut
1690 3746 1782 3812 nobis
1804 3750 1847 3811 ita
1868 3747 1977 3830 procul
1998 3743 2095 3808 dubio
2119 3746 2213 3808 eliam
2235 3743 2358 3808 Platoni

607 3865 739 3932 videtur.
799 3862 887 3939 Quae
914 3884 987 3928 eum
1010 3867 1053 3929 ita
1086 3867 1166 3948 sint,
1190 3871 1227 3930 ut
1247 3867 1285 3931 ad
1309 3867 1407 3932 2691)
1428 3871 1615 3952 ιοιίοοιοιιε,
1641 3874 1704 3933 tem
1726 3868 1874 3952 ambigue
1902 3865 1945 3930 ibi
1976 3866 2117 3950 loquitur
2143 3864 2360 3948 philosophus,

608 3987 683 4068 quia
703 3984 794 4070 τέχνη
817 3987 961 4067 opposita
984 3975 1070 4081 ρύσει
1091 3986 1322 4069 quodammodo
1345 3981 1524 4074 ἐπιστήμην,
1552 3992 1710 4073 quatenus
1733 3992 1817 4053 inest
1837 3990 1872 4052 iu
1895 3991 1959 4051 arto
1980 3986 2150 4066 rhetorica,
2179 3990 2211 4048 et
2232 3982 2361 4070 μελέτην

607 4104 857 4188 comprehendit,
886 4105 1119 4187 quodammodo
1146 4111 1308 4191 tamquam
1338 4114 1485 4192 quartum
1508 4110 1583 4194 quid
1612 4110 1652 4173 ad
1673 4111 1733 4174 tria
1754 4110 1807 4173 illa
1829 4100 1923 4194 φύσιν,
1946 4097 2123 4193 ἐπιστήμην,
2156 4103 2285 4191 μελέτην
2306 4105 2360 4168 ad-

604 4227 746 4309 iungitur
760 4227 803 4305 19).

775 4499 821 4564 19)
840 4497 992 4553 Secundum
1014 4497 1080 4551 haec
1099 4497 1226 4551 mutanda
1255 4503 1283 4552 et
1309 4499 1465 4566 corrigenda
1496 4504 1560 4554 sunt
1589 4516 1656 4570 quae
1674 4499 1801 4567 Zychae
1825 4502 1936 4571 opposui
1968 4501 2065 4556 Philol.
2084 4502 2149 4553 Ana.
2175 4496 2230 4551 ll.
2248 4510 2273 4562 p,
2292 4492 2358 4545 294:

608 4586 769 4656 „Zycha's
787 4585 968 4656 Hauptgrund
985 4584 1028 4638 die
1047 4584 1252 4654 Sophistenrade
1269 4583 1328 4638 dem
1347 4584 1484 4640 Phaedros
1502 4587 1671 4654 vorangehen
1688 4602 1720 4639 zu
1739 4586 1826 4640 lasaen
1843 4587 1880 4640 ist
1894 4587 2042 4656 folgender:
2062 4586 2158 4640 Platon
2173 4579 2357 4638 unterscheide

607 4691 632 4743 p.
653 4673 735 4726 2691)
753 4671 883 4726 zwischeu
901 4671 952 4724 den
969 4670 1164 4739 Bediugungen
1183 4672 1225 4725 ein
1247 4672 1406 4726 vollendeter
1423 4672 1528 4726 Redirer
1545 4688 1576 4725 zu
1595 4669 1708 4733 werden,
1733 4672 1850 4725 udmlich
1867 4672 1979 4740 hulage
2006 4672 2128 4740 Uebuug,
2155 4668 2358 4727 Wissenschait,

609 4760 660 4814 und
679 4759 729 4814 den
749 4758 940 4826 Forderungen
959 4776 993 4813 aa
1011 4759 1053 4812 die
1071 4759 1201 4813 Rhetorik
1219 4759 1259 4812 als
1277 4758 1382 4827 Kunat;
1400 4776 1461 4813 man
1480 4757 1567 4810 wlirde
1585 4757 1644 4810 eine
1663 4757 1768 4824 gleiche
1786 4757 1909 4812 Klarheit
1928 4759 1964 4828 (2)
1981 4758 2024 4812 bei
2042 4758 2176 4813 Isokrates
2194 4758 2219 4825 6.
2240 4758 2314 4810 14-
2326 4754 2359 4808 18

608 4846 686 4900 nicht
703 4845 864 4910 carminum,
892 4863 967 4900 weun
985 4845 1042 4898 ihm
1069 4844 1116 4899 der
1141 4844 1278 4899 Phaedrus
1304 4845 1387 4899 achon
1401 4844 1558 4913 vergelegcn
1593 4843 1679 4898 hatte.
1715 4845 1803 4900 Allein
1830 4861 1884 4899 was
1902 4844 1971 4899 nach
1988 4843 2085 4898 Platon
2104 4843 2146 4898 die
2166 4841 2295 4896 Rhetorilr
2313 4857 2360 4894 zur

609 4934 701 4987 Kunst
718 4933 818 4998 macht,
845 4933 882 4986 ist
896 4931 925 5001 ja
952 4931 1034 4986 solbat
1055 4932 1114 4986 eine
1129 4931 1206 5000 jener
1223 4930 1280 4985 drei
1297 4931 1526 5000 „Bedingungeu”
1555 4929 1617 4984 oder
1635 4930 1764 4985 vielmehr
1783 4931 1929 4996 Ursachen,
1955 4931 2071 4985 nilmlich
2098 4931 2140 4985 die
2157 4925 2359 4988 wissenschaft

610 5021 748 5074 einerseita
765 5018 955 5074 dieDialelrtilr
974 5019 1105 5086 (ntimlich
1125 5018 1334 5074 Sachkenntniss
1344 5016 1532 5072 2690-26311
1550 5015 1605 5069 und
1623 5015 1743 5084 logisehe
1756 5017 1886 5087 Ordnung
1901 5017 2122 5084 26311-2660),
2140 5014 2300 5069 andreraeits
2317 5012 2359 5067 die

611 5107 832 5176 psychologische
849 5105 975 5160 Einsicht
995 5104 1233 5171 (26911-21211),
1261 5120 1333 5158 wazu
1351 5102 1420 5157 denn
1438 5104 1477 5158 ala
1494 5103 1582 5157 blosse
1608 5103 1827 5159 uuentbahrliche
1843 5105 1949 5160 Neben-
1967 5103 2021 5158 und
2039 5102 2248 5157 Vorhenntnisse
2266 5099 2312 5153 das
2330 5100 2359 5152 in

609 5193 660 5247 den
692 5193 874 5247 rhetorischen
898 5191 1089 5246 Lehrbdchern
1109 5189 1312 5260 Abgehandelte
1330 5191 1432 5244 hommt
1451 5190 1512 5257 (266
1522 5189 1631 5244 6-269
1641 5189 1708 5260 1))·’.
1752 5191 1791 5244 At
1806 5193 1856 5246 tali
1872 5192 1976 5246 ratione
2002 5193 2108 5244 mutata
2134 5205 2187 5244 non
2214 5188 2301 5241 minus
2319 5203 2359 5239 rr·

612 5279 703 5334 tutent
720 5279 886 5348 Zycham.
922 5279 994 5334 Bene
1011 5283 1101 5334 amen
1125 5278 1236 5332 meritus
1262 5280 1304 5330 eat
1333 5278 1373 5330 vir
1390 5277 1559 5331 doctissimus
1576 5275 1609 5330 de
1627 5275 1684 5330 loco
1702 5275 1818 5332 Phaedri
1836 5278 1918 5332 2691)
1936 5280 2009 5333 recte
2025 5274 2213 5343 intellegendo,
2239 5290 2299 5328 cum
2327 5290 2358 5327 ne

610 5365 689 5418 Bon
703 5366 823 5420 itzius
843 5365 950 5435 quidem
971 5364 1163 5431 difficultatem,
1182 5381 1249 5434 quae
1268 5382 1359 5420 revera
1375 5367 1403 5420 iu
1420 5383 1451 5420 eo
1469 5366 1548 5431 inest,
1565 5363 1703 5418 detexerit.
