5018 5940
1304 415 1377 492 VII

441 625 551 722 δεῒνίῑ)
574 637 677 721 primo
700 633 769 698 loco
791 633 953 718 magistri,
986 630 1126 697 secunde
1150 630 1299 714 discipuli
1322 633 1444 695 ratione
1470 626 1576 691 habita
1600 629 1644 693 ita
1666 629 1786 710 iterari,
1820 636 1856 694 ut
1889 627 1965 714 quid
1989 646 2032 692 ex
2054 627 2207 713 doctrina,

441 760 518 844 quid
541 778 582 822 ox
602 759 829 821 exercitatione
852 755 905 819 illc
928 754 1060 835 discere,
1083 752 1160 836 quid
1179 753 1364 836 praeceptis,
1388 752 1464 836 quid
1488 770 1546 815 suo
1566 752 1668 834 ipsius
1692 749 1839 833 exemplo
1861 749 1900 813 ad
1921 749 2111 815 imitandum
2135 770 2206 834 pro·

440 883 544 965 posito
568 879 619 942 hic
641 878 754 941 docere
774 875 894 953 debeat,
918 878 1105 957 exponetur.
1150 872 1238 949 Quae
1261 876 1289 936 si
1310 878 1469 955 tenemus,
1491 864 1555 941 εἴδη
1577 876 1640 933 τῶν
1659 861 1761 957 λόγων
1784 871 1811 951 ξ.
1837 870 1875 932 17
1899 890 1963 933 uon
1986 874 2063 934 sunt
2083 892 2204 957 genera

443 1003 637 1081 orationum,
670 998 723 1061 scd
753 998 848 1081 plane
882 997 1011 1078 eadem,
1043 1016 1126 1079 quae
1159 996 1187 1077 ξ.
1214 995 1252 1057 16
1275 984 1368 1071 ἰδέαι,
1402 983 1435 1066 ἐξ
1458 981 1499 1053 ὧν
1520 986 1591 1066 τοὺς
1612 982 1731 1076 λόγους·
1743 987 1879 1065 ἅπαντας
1911 992 1961 1053 καί
1991 989 2121 1076 λέγομεν
2153 992 2205 1055 καὶ

441 1119 617 1204 συντίθεμεν
635 1118 843 1202 appellantur.
888 1117 970 1181 Satis
993 1117 1126 1180 confusa
1147 1135 1256 1179 eorum
1280 1117 1376 1195 notie,
1399 1115 1427 1176 si
1449 1114 1580 1178 omnino
1602 1115 1636 1176 in
1652 1116 1739 1176 tanta
1754 1112 1940 1175 confusione
1963 1111 2001 1175 de
2018 1111 2203 1177 notionibus

439 1241 528 1323 loqui
553 1240 642 1320 licet,
674 1258 756 1323 quae
779 1240 820 1301 sit
842 1238 926 1320 apud
948 1235 1140 1315 Isocratem,
1162 1237 1238 1298 satis
1261 1235 1417 1318 explicuit
1450 1232 1687 1315 Blassius12).
1742 1232 1810 1297 Iam
1844 1251 1919 1295 roro
1942 1231 1970 1293 si
1992 1232 2070 1295 haec
2093 1233 2201 1297 emnia

440 1364 638 1442 reputamus,
659 1360 741 1423 inter
760 1357 857 1422 verba
878 1355 1026 1420 Isocratis
1060 1357 1088 1437 §-
1116 1355 1153 1416 17
1176 1347 1217 1415 τὰ
1239 1351 1293 1438 μὲν
1322 1346 1385 1423 εἴδη
1469 1358 1679 1438 γυμνασθῆναι
1709 1359 1739 1416 et
1769 1352 1912 1416 Platonis
1934 1372 1962 1436 p.
1985 1352 2044 1414 271
2068 1350 2096 1414 Β
2119 1356 2150 1415 et
2175 1351 2205 1416 D

441 1482 556 1543 iterum
578 1498 707 1563 prorsus
730 1477 811 1540 nihil
833 1495 904 1539 esse
926 1495 1097 1539 commune
1128 1476 1289 1539 fatendum
1324 1480 1380 1537 cst.
1425 1472 1592 1538 Praeterea
1624 1464 1686 1543 είδη
1720 1475 1789 1537 sire
1824 1465 1900 1535 ἰδέαι
1929 1472 2077 1537 Isocratis
2111 1473 2206 1537 latius

443 1604 526 1663 certe
549 1600 649 1662 nrulto
673 1603 781 1681 patent
811 1615 906 1679 quum
943 1595 1127 1682 βραχυλογία
1159 1594 1210 1655 καί
1243 1593 1443 1679 ίλεεινολογία
1474 1595 1524 1655 καί
1544 1584 1693 1667 δείνωοις;
1728 1614 1803 1678 ergo
1826 1596 1921 1658 etiam
1943 1592 2042 1671 verba
2063 1592 2206 1658 Platonis

444 1721 505 1782 272
528 1722 568 1799 Α,
591 1722 625 1781 iu
649 1717 766 1801 quibus
789 1717 827 1779 de
850 1715 899 1777 lris
923 1734 1027 1778 serino
1051 1720 1109 1796 est,
1132 1716 1265 1777 minimo
1284 1720 1417 1796 possunt
1440 1717 1556 1799 scripta
1578 1732 1649 1777 csse
1672 1715 1710 1777 ad
1733 1715 1916 1799 castiganda
1940 1714 2036 1778 verba
2058 1713 2206 1779 Isocratis

442 1842 471 1919 §-
499 1840 537 1899 16
581 1835 624 1923 ἐρ’
664 1828 784 1916 ἑκάστῳ
871 1830 952 1897 κατὰ
972 1826 1090 1921 τρόπον,
1113 1835 1297 1918 praesertim
1321 1856 1393 1900 cum
1417 1855 1458 1898 ne
1481 1837 1614 1898 minime
1630 1837 1757 1918 quidem
1777 1838 1818 1899 sit
1840 1838 1873 1899 in
1889 1836 2016 1900 illerum
2038 1839 2070 1899 et
2091 1836 2204 1900 herum

445 1958 622 2020 elocutione
645 1958 828 2022 similitudo.
876 1956 966 2020 Certe
988 1975 1046 2038 ege
1070 1956 1199 2038 quidem
1224 1957 1352 2037 ignoro,
1388 1955 1473 2017 undo
1506 1957 1584 2017 sciat
1614 1955 1847 2020 Siebeclrius
1869 1956 1980 2020 eadem
2003 1958 2111 2039 potius
2133 1976 2204 2020 esse

443 2075 501 2139 lias
525 2068 605 2150 ἰδέας
627 2084 722 2163 etque
744 2098 792 2159 ea,
819 2096 902 2161 quae
924 2078 1097 2141 decuerunt
1113 2077 1228 2139 artium
1253 2078 1433 2159 scriptores:
1462 2076 1488 2137 si
1518 2094 1593 2138 vero
1616 2077 1674 2140 lroc
1699 2098 1762 2141 non
1785 2082 1927 2159 constat,
1950 2097 2014 2161 quo
2037 2078 2108 2141 iure
2130 2096 2205 2141 con-

441 2196 526 2258 tendi
549 2195 623 2259 lieet
645 2196 820 2280 Platonem,
842 2218 916 2261 curn
937 2195 1030 2259 2666
1046 2233 1085 2242 —
1102 2195 1197 2259 2690
1220 2196 1415 2258 demonstret
1435 2200 1531 2258 tetam
1555 2197 1640 2261 illam
1659 2219 1770 2263 eorum
1793 2199 1983 2281 sapientiem
2005 2217 2069 2260 non
2092 2194 2203 2283 τέχνην

440 2335 529 2397 esse,
552 2318 607 2380 sod
629 2311 671 2378 τδι
692 2314 747 2405 πρὸ
768 2323 824 2392 τῆς
846 2317 958 2403 τέχνης
980 2322 1121 2398 tantum,
1149 2318 1207 2379 hec
1230 2314 1366 2409 scribere
1390 2335 1453 2378 nen
1477 2319 1635 2400 potuisse,
1658 2320 1722 2382 nisi
1746 2321 1809 2383 iarn
1832 2320 1959 2402 cognita
1980 2317 2127 2381 Isocratis
2147 2318 2200 2381 de·

441 2437 628 2501 clamatione
651 2459 724 2502 cunr
748 2439 860 2502 decere
883 2439 1039 2500 voluisset
1062 2439 1096 2499 in
1119 2439 1190 2499 cius
1213 2427 1312 2513 ἰδέας,
1351 2455 1430 2518 quas
1457 2437 1541 2500 solas
1565 2439 1618 2501 ille
1650 2441 1804 2503 scientiae
1826 2458 1898 2502 csso
1921 2438 2078 2519 erederet,
2111 2436 2207 2519 plane

441 2558 525 2621 idem
549 2560 686 2622 cadere?
718 2560 769 2621 An
793 2560 925 2622 fortusse
960 2558 1009 2620 his
1031 2558 1109 2621 locis
1132 2564 1217 2621 tante
1239 2563 1288 2620 cst
1311 2555 1479 2620 verborum
1504 2557 1646 2621 Platonis
1670 2560 1767 2623 26876
1800 2548 1915 2643 ἀνάγκη
1946 2556 2000 2643 μὲν
2032 2557 2083 2619 καί
2115 2555 2201 2618 ταῦτ’

441 2678 624 2740 ἐπίστασθαι
651 2672 704 2739 τὸν
733 2677 884 2762 μέλλοντα
908 2671 1064 2764 ἁρμονικὸν
1085 2681 1223 2756 ἔσεσθαι,
1256 2670 1342 2738 οὐδὲν
1368 2673 1426 2763 μην
1453 2671 1564 2742 κωλύει
1591 2673 1668 2767 μηδὲ
1692 2672 1812 2766 σμικρὸν
1848 2672 1987 2764 ἁρμονίας
2009 2678 2120 2740 ἐπαῑλιν
2152 2671 2206 2740 τὸν

441 2791 496 2865 τὴν
525 2792 577 2860 σὀν
608 2788 667 2870 ἕξιν
693 2801 815 2882 ἔχοντα·
839 2790 879 2858 τὰ
905 2792 961 2883 γὰρ
994 2792 1049 2884 πρὸ
1081 2791 1218 2884 ἁρμονίας
1247 2793 1396 2881 ἀναγκαῖα
1424 2792 1597 2886 μαθήματα
1620 2802 1796 2880 ἐπίστασαι,
1829 2796 1897 2860 ἀλλ’
1932 2795 1966 2860 οὐ
1995 2791 2037 2860 τὰ
2063 2788 2207 2885 ἁρμονικοί

442 2919 491 2997 (cl.
516 2917 611 2980 269ss
634 2921 660 2979 εἴ
681 2941 758 2991 τινες
851 2914 892 2980 τὰ
912 2914 968 3003 πρὸ
990 2922 1046 2991 τῆς
1066 2917 1175 3003 τέχνης
1197 2916 1345 3002 ἀναγκαῖα
1367 2912 1540 3006 μαθηματα
1563 2924 1683 3005 ἔχοντες
1703 2915 1859 3007 peroptato
1882 2910 2028 3001 ᾠήθησαν
2042 2911 2205 3004 εὑρηκέναι)

442 3043 474 3100 et
495 3036 641 3101 Isocratis
664 3046 691 3115 ξ.
719 3040 757 3102 16
791 3044 853 3100 τῶν
886 3037 939 3125 μὲν
969 3032 1057 3101 ἰδεῶν
1080 3031 1231 3101 εἰδόσι
1262 3065 1292 3102 τι
1326 3043 1389 3127 περὶ
1421 3040 1521 3103 αὐτῶν
1535 3044 1581 3122 ¹³)
1614 3043 1812 3106 Similitudo?
1857 3040 1924 3124 Ego
1957 3056 2070 3103 rursus
2112 3039 2205 3102 video

443 3158 573 3221 nullanr.
618 3157 699 3221 Nam
719 3159 781 3222 due
805 3162 973 3243 scriptores
1004 3160 1059 3223 ubi
1081 3160 1120 3223 de
1150 3163 1283 3225 scientia
1305 3163 1464 3244 locuntur,
1490 3162 1647 3246 quomodo
1677 3163 1736 3225 hoe
1768 3164 1870 3225 lacere
1901 3164 2020 3244 queant
2048 3161 2120 3223 sine
2143 3178 2205 3223 usu

442 3278 669 3342 vocabulorum
698 3280 862 3342 scientiam
895 3280 1160 3364 significantium,
1191 3283 1341 3365 equidem
1370 3303 1434 3346 non
1465 3302 1625 3367 assequor.
1683 3281 1850 3346 Praeterea
1877 3284 1983 3345 eutem
2016 3298 2056 3342 ne
2083 3278 2204 3343 eisdem

444 3398 574 3480 quidem
591 3403 736 3465 utuntur:
759 3399 842 3483 apud
866 3398 1034 3465 Isocratem
1052 3404 1136 3464 enim
1154 3403 1291 3485 legimus
1306 3405 1408 3484 λαβεῖν
1429 3398 1485 3472 τὴν
1506 3393 1672 3487 ἐπιστήμην
1686 3409 1717 3466 et
1730 3413 1792 3477 τοῖς
1816 3392 1916 3479 εἰδόσι,
1939 3399 2023 3484 apud
2039 3397 2205 3462 Plutonem

442 3517 624 3579 ἐπίστασθαι
658 3524 689 3581 ot
711 3520 878 3581 ἐπίστασαι.
922 3521 1004 3585 Ecce
1038 3524 1101 3584 iam
1128 3524 1235 3585 omnia
1257 3528 1456 3588 evanuerunt
1486 3526 1622 3605 uestigia
1644 3523 1785 3588 Platonis
1808 3522 1978 3586 Isocratem
2001 3521 2116 3586 leniter
2138 3541 2205 3586 cor-

441 3640 588 3722 rigentis!
622 3638 767 3722 Cumque
791 3642 942 3705 universe
963 3641 1079 3724 Lysiae
1101 3662 1237 3706 censura
1259 3644 1343 3725 apud
1362 3643 1526 3708 Platonem
1550 3665 1612 3707 neu
1638 3664 1675 3707 ea
1698 3646 1757 3724 sit,
1791 3644 1880 3707 utin
1903 3642 2018 3724 Lysiae
2040 3643 2109 3706 sola
2132 3643 2206 3707 hae·

442 3767 508 3824 reat
538 3780 692 3843 persona,
731 3761 786 3823 sod
820 3781 931 3824 omnes
960 3765 1066 3844 potius
1094 3768 1202 3846 tangat
1224 3765 1368 3829 ciusdem
1390 3766 1518 3849 generis
1542 3771 1679 3828 oratores
1702 3770 1734 3827 et
1756 3765 1937 3847 scriptores,
1959 3782 1988 3844 ⁶e
2011 3762 2118 3827 verbis
2144 3765 2205 3826 εἴτε

440 3882 549 3956 Λυσίας
571 3875 590 3951 ἦ
613 3905 659 3955 τις
682 3874 774 3955 ἄλλος
795 3880 924 3961 (2771))
948 3883 999 3945 uel
1030 3883 1126 3964 Λυσία
1156 3905 1191 3945 τε
1221 3886 1271 3945 καὶ
1300 3888 1326 3946 εί
1345 3908 1392 3958 τις
1420 3880 1514 3959 ἄλλος
1538 3885 1654 3961 (2786)
1676 3905 1749 3948 curn
1787 3882 1993 3948 Siebeclxie
2014 3883 2204 3947 concludere

440 4001 523 4064 velle
546 4000 747 4065 indefinitum
767 4002 853 4065 hunc
882 4002 1020 4083 „elium“
1050 4024 1161 4066 reuera
1191 4004 1357 4068 definitum
1389 4025 1461 4070 esse
1484 4009 1589 4069 virum
1612 4011 1643 4069 ot
1665 4007 1750 4069 hirec
1773 4004 1902 4087 quidem
1925 4002 2112 4086 Isocratem,
2145 4005 2204 4068 hec

440 4141 491 4184 me
514 4122 625 4184 saltem
648 4122 753 4185 iudice
774 4128 823 4185 est
845 4142 936 4187 suam
958 4123 1124 4186 libidinem
1145 4126 1309 4188 uenditare
1332 4128 1544 4209 prescientia
1570 4125 1677 4189 firmas
1702 4126 1987 4189 demonstrationes
2011 4125 2201 4208 postulante.

441 4240 555 4324 Neque
577 4242 690 4323 video,
717 4243 876 4325 quemodo
903 4246 1046 4308 omittere
1075 4247 1212 4328 potuerit
1233 4243 1322 4308 Plato
1351 4252 1405 4309 aut
1427 4247 1498 4309 aliis
1520 4244 1626 4309 verbis
1649 4247 1829 4328 exprimere
1851 4265 1933 4329 quae
1956 4247 2083 4329 scripsit
2103 4246 2203 4309 272A

440 4366 540 4423 ταῦτα
569 4353 604 4422 δὲ
617 4353 676 4430 ’ἴδη
704 4353 803 4423 πάντα
827 4366 935 4448 ἔχοντι,
958 4356 1158 4450 προσλαβόντι
1179 4358 1296 4450 καιροὺς
1316 4370 1373 4427 τοῦ
1402 4356 1478 4426 πότε
1499 4364 1625 4427 λεκτέον
1647 4368 1697 4428 καὶ
1720 4365 1895 4452 ίπισχετέον
1978 4358 2034 4427 *riu
2055 4362 2203 4452 εὐκαιρίαν

440 4482 490 4543 καὶ
512 4478 645 4568 ἀκαιρίαν
666 4469 833 4566 διαγνοντι,
858 4485 886 4546 si
908 4484 1050 4548 nondum
1071 4486 1189 4548 omissa
1211 4485 1271 4548 luit
1292 4487 1390 4549 oratio
1411 4490 1520 4548 contra
1542 4487 1706 4570 sophistas.
1751 4487 1853 4550 Immo
1877 4486 1957 4550 nihil
1979 4486 2065 4549 aliud
2088 4488 2200 4549 estex

443 4717 510 4725 n—-—
524 4719 676 4725 ·-—--·-—.
716 4719 794 4724 ...-.
805 4719 863 4725 -..—

609 4826 656 4892 ll)
674 4823 715 4876 καλ
732 4827 779 4876 δεῖν
797 4818 839 4876 τὸν
856 4823 899 4894 μὲν
918 4820 1037 4895 μαθητὴν
1054 4821 1113 4895 πρὸς
1131 4829 1168 4898 τῷ
1194 4820 1324 4894 τὴνφύσιν
1350 4823 1411 4894 ἔχειν
1428 4826 1480 4877 οἵαν
1497 4822 1547 4895 χρὴ
1584 4823 1615 4880 τοὶ
1635 4827 1679 4898 μὲν
1696 4827 1746 4894 εἴδη
1765 4823 1796 4882 τὰ
1816 4833 1870 4881 τοῖν
1886 4823 1969 4895 λόγων
1988 4825 2086 4895 μαθεῖν,
2104 4825 2157 4895 περὶ
2174 4823 2202 4876 el

443 4905 474 4964 τοί
480 4933 490 4972 ς
507 4908 603 4982 χρήσεις
621 4909 703 4964 αὐτοῖν
720 4912 899 4981 γυμνασθῆναι,
919 4908 961 4965 τὸν
978 4914 1005 4965 δὲ
1023 4909 1170 4967 διδάσκαλον
1188 4909 1218 4966 τοὶ
1238 4913 1281 4985 μὲν
1299 4906 1376 4972 οὕτως
1402 4909 1507 4982 ἀκριβῶς
1534 4908 1585 4967 οἷον
1604 4910 1624 4966 τ’
1644 4910 1700 4968 εἶναι
1717 4915 1820 4968 διελθεῖν
1837 4907 1901 4966 ὥστε
1920 4911 1995 4983 μηδὲν
2013 4914 2063 4964 τοῖν
2081 4912 2202 4964 erentes

441 4997 589 5066 παραλιπεῖν,
617 5000 670 5067 περὶ
688 4997 715 5049 δὲ
732 5000 783 5051 τοῖν
800 4999 894 5051 λοιποῖν
911 5004 1021 5053 τοιοῦτον
1047 4995 1120 5054 αὑτὸν
1146 4996 1299 5069 παράδειγμα
1317 5004 1450 5069 nepae-spir
1468 4993 1532 5053 ὥστε
1550 4996 1605 5061 τοὺς
1624 4999 1807 5062 ἔκευπωδέντας
1824 5002 1865 5054 καί
1883 4995 2040 5071 μιμήσασθαι
2057 4999 2201 5070 δυναμένους

441 5077 515 5145 εὖθιδς
532 5079 702 5154 οἷνδηρότερον
720 5092 760 5139 καί
777 5088 932 5157 χαριέστερον
950 5090 1000 5139 τῶν
1017 5081 1101 5140 ἄλλων
1120 5089 1231 5157 φίνεσθαι
1247 5086 1369 5155 λέγοντας.

607 5176 656 5243 12)
676 5176 726 5228 Die
747 5175 864 5228 attische
881 5174 1133 5237 BeredsamlreitlL
1151 5193 1176 5245 p.
1200 5177 1255 5229 166.
1302 5174 1342 5229 Cl.
1373 5175 1483 5243 Zyclra
1513 5177 1718 5244 Bemerlrungen
1735 5193 1767 5229 zu
1792 5175 1842 5229 den
1860 5175 2050 5244 Beziehuugen
2069 5173 2123 5227 und
2141 5176 2198 5229 An·

455 5261 613 5330 spielungen
632 5263 660 5315 iu
679 5261 724 5315 der
742 5262 819 5315 xlll.
839 5262 893 5315 und
909 5261 942 5314 X.
961 5261 1033 5315 Rode
1052 5261 1097 5315 dos
1114 5262 1257 5325 Iselrratcs,
1276 5262 1390 5315 vindob.
1410 5262 1645 5319 uncchxxx.
1663 5280 1689 5333 p.
1708 5263 1820 5317 40-42.

609 5348 654 5416 1³)
674 5349 706 5402 V.
725 5366 751 5402 n.
766 5350 807 5403 10.
