5018 5940
1199 437 1292 512 XIII

362 650 527 716 Praeterea
547 657 652 718 autem
677 673 740 717 non
764 653 871 715 minus
894 651 1005 715 eodem
1026 653 1094 715 loco
1109 649 1144 729 ²⁸)
1171 671 1356 717 monueram
1379 650 1556 731 Timaeum,
1579 653 1636 714 etsi
1661 653 1692 713 in
1718 671 1755 713 oe
1779 670 1880 733 panea
1899 653 2116 730 retractantur,

363 795 444 858 qnae
468 777 500 838 in
524 773 700 859 Republica
722 772 870 835 docuerat
892 769 989 852 Plato,
1012 771 1220 834 nihilominus
1244 791 1277 834 re
1299 772 1331 833 in
1356 773 1541 834 universum
1567 774 1704 854 spectata
1728 790 1791 834 rina
1814 791 1887 834 cum
1904 770 1999 833 Critia
2020 769 2115 851 plane

363 914 536 978 congruere
557 913 630 957 curn
653 892 795 955 doctrina
810 892 945 976 politica,
965 892 1067 974 qualis
1083 892 1116 954 in
1131 890 1305 975 Republica
1321 890 1441 972 prolata
1463 895 1513 972 sit,
1536 897 1566 954 et
1581 891 1707 954 Crhiam
1725 910 1795 953 eam
1812 892 1915 973 Ipsam
1931 888 1970 952 eb
1987 907 2116 952 causam

363 1015 576 1098 imperfectam
599 1014 739 1077 relictam
761 1011 1040 1093 Hermocratisque
1071 1030 1112 1073 ue
1135 1011 1254 1093 primes
1278 1010 1405 1093 quidem
1428 1031 1542 1075 vorsus
1567 1012 1699 1094 scriptos
1721 1029 1809 1091 esse,
1838 1011 1912 1093 quia
1942 1008 2116 1071 sententias

362 1154 437 1198 suas
458 1135 497 1198 de
519 1136 567 1197 his
596 1132 692 1197 rebus
721 1135 841 1194 interca
871 1131 914 1194 ita
935 1134 1056 1192 mutare
1085 1131 1222 1212 coeperit
1243 1130 1464 1213 philosophae,
1503 1137 1536 1194 ut
1557 1137 1668 1213 postea
1689 1130 1790 1213 Leges
1814 1128 1950 1192 seribere
1972 1128 2118 1210 potuerit.

363 1253 430 1316 Iam
452 1254 536 1336 qued
558 1252 699 1316 Hirael
711 1254 721 1314 i
733 1270 775 1313 us
788 1248 824 1332 ²⁹)
847 1250 951 1313 attulit
972 1249 1011 1312 ad
1031 1249 1310 1312 demonstrandum
1327 1251 1408 1311 inter
1430 1249 1669 1334 Rempublieam
1689 1254 1720 1312 et
1732 1249 1834 1332 Leges
1849 1250 1893 1311 ita
1908 1248 2117 1330 compositum

362 1392 435 1436 esse
458 1370 638 1455 Politieum,
660 1376 696 1436 ut
717 1370 853 1434 mediam
877 1368 1036 1452 quandam
1059 1371 1141 1431 inter
1163 1368 1304 1451 dialogos
1326 1368 1396 1431 illes
1420 1371 1578 1433 sentIendi
1599 1377 1629 1434 ot
1652 1370 1812 1434 iudicandi
1827 1371 1981 1433 rationem
2004 1368 2039 1429 in
2060 1366 2118 1429 hoe

364 1491 451 1556 Plato
474 1495 678 1576 sequeretur,
704 1489 861 1574 quomodo
895 1489 1035 1552 refellam
1069 1508 1119 1551 mo
1143 1508 1206 1551 non
1235 1487 1349 1551 habere
1371 1489 1491 1554 dudum
1514 1492 1680 1555 confessus
1703 1511 1775 1553 sum
1791 1489 1838 1570 ³⁰).
1894 1486 2117 1550 Parmenidem

366 1617 400 1675 nt
417 1616 488 1695 post
511 1612 688 1696 Sophistam
715 1615 818 1673 ortum
849 1628 921 1672 esse
944 1614 1070 1692 putem,
1097 1612 1298 1672 commovent
1320 1629 1371 1672 me
1392 1611 1531 1674 rationes
1553 1614 1616 1675 iam
1640 1614 1712 1674 ante
1735 1608 1903 1672 dimidium
1923 1625 2024 1691 paene
2049 1624 2119 1668 sae-

364 1733 471 1795 culum
493 1752 511 1794 a
531 1729 694 1794 Zelloro
716 1731 902 1813 propositae.
945 1727 1094 1810 Denique
1116 1726 1268 1791 Philebus
1291 1730 1425 1813 scriptus
1448 1735 1497 1793 est
1519 1735 1590 1813 pest
1604 1728 1838 1810 l’armenidem,
1864 1729 1982 1810 quippe
2006 1726 2060 1809 qui
2083 1727 2118 1788 in

365 1870 402 1914 co
425 1852 537 1912 citetur
549 1850 595 1932 ³¹).
638 1848 754 1913 Nescio
773 1850 870 1932 igItur
892 1849 1009 1933 quida
1029 1848 1221 1912 Sehanaio
1248 1850 1366 1931 requiri
1384 1851 1520 1931 potuerit
1543 1856 1819 1933 argumentorum,
1848 1846 1966 1933 quibus
1990 1846 2117 1909 coaetus

363 1971 475 2032 fuerIm
498 1968 536 2032 ad
560 1970 701 2033 ordinem
723 1989 818 2052 supra
841 1972 1049 2032 memoratum
1072 1967 1335 2035 constituendum.
1366 1970 1408 2030 At
1422 1973 1505 2031 reete
1526 1970 1616 2031 timet
1637 1969 1877 2050 SehauziuS,
1901 1986 1941 2031 ue
1964 1965 2119 2047 siSophi·

364 2092 443 2151 stam
466 2090 548 2151 inter
567 2087 692 2151 Critiam
717 2091 748 2149 et
769 2085 937 2151 Politicum
959 2088 1177 2153 collocandum
1200 2105 1271 2150 esse
1293 2088 1445 2150 concedat
1473 2094 1504 2151 et
1526 2085 1692 2152 Timaeum
1716 2091 1797 2152 inter
1820 2086 2062 2171 Rempublieam
2087 2088 2118 2147 et

363 2205 490 2270 Critiam
511 2205 744 2290 Philebnmque
767 2208 849 2270 inter
870 2205 1090 2271 Parmenidem
1113 2211 1145 2270 et
1169 2205 1281 2289 LegeS,
1309 2205 1601 2290 Dittenbergeri
1636 2211 1768 2293 suisque
1790 2209 1890 2292 ipsius
1924 2206 2118 2270 observatio·

364 2325 458 2389 nibus
484 2333 514 2390 et
536 2328 709 2390 ratiociniis
734 2329 957 2411 grammaticis,
980 2347 1060 2411 quae
1082 2328 1158 2390 mihi
1179 2327 1323 2410 quidem,
1346 2327 1516 2392 dummodo
1542 2350 1582 2393 ne
1621 2330 1694 2412 plus
1715 2330 1873 2411 praestare
1895 2329 1996 2392 velint
2018 2345 2113 2410 quam

361 2450 507 2527 possunt,
529 2465 594 2510 nen
618 2448 721 2512 solum
754 2450 885 2511 minime
913 2448 1105 2531 spernenda,
1134 2447 1189 2510 sed
1212 2466 1337 2509 summa
1358 2447 1451 2510 laude
1475 2449 1571 2533 digna
1594 2449 1756 2530 ridentur,
1787 2447 1885 2510 multo
1909 2450 2015 2511 minus
2038 2466 2116 2529 pen-

364 2564 466 2646 deriS,
496 2585 591 2648 quam
614 2568 777 2631 duumviri
800 2569 848 2631 illi
874 2570 1061 2651 opinantur,
1090 2567 1293 2632 tribuendum
1324 2567 1373 2628 sit.
1418 2566 1531 2651 Neque
1554 2573 1660 2631 tamen
1683 2588 1813 2652 possum
1839 2587 1944 2652 neque
1966 2567 2038 2631 volo
2061 2567 2119 2629 hae

364 2684 402 2747 de
425 2703 458 2747 re
483 2689 659 2751 accuratius
686 2689 744 2752 hoe
771 2690 840 2753 loeo
869 2688 1039 2750 disserere:
1071 2686 1211 2770 dialogos
1238 2686 1309 2749 illes
1333 2684 1515 2768 Timaeum,
1539 2687 1682 2769 Critiam,
1711 2689 1907 2772 sophistam,
1938 2686 2117 2767 PolitIcum,

363 2802 600 2886 Parmenidem,
621 2805 806 2890 Philebum,
832 2804 932 2891 Leges
954 2807 1084 2869 ultImos
1104 2805 1243 2870 Platonis
1267 2827 1337 2870 esse
1360 2813 1395 2870 nt
1423 2806 1516 2870 hodie
1535 2807 1676 2889 credam,
1703 2812 1798 2873 etiam
1825 2807 2037 2893 grammaticis
2066 2805 2117 2868 his

296 2964 302 2974 ·
364 2921 637 2989 observationibus
659 2933 820 3010 permotus
842 2909 933 3010 sum,
963 2927 1019 2989 sed
1048 2927 1086 2989 ad
1110 2927 1197 2991 litem
1218 2927 1256 2992 de
1279 2948 1388 2991 eorum
1411 2931 1553 3010 ipsorum
1586 2928 1694 2992 ordine
1716 2929 1928 2993 dirImendam
1950 2928 2046 2990 nimis
2068 2927 2116 2988 in-

362 3042 469 3107 firmas
491 3063 562 3108 esse
585 3047 741 3111 eiusmodi
763 3050 901 3113 rationes
922 3049 985 3111 iam
1018 3065 1060 3109 ex
1082 3051 1277 3131 argumentis
1305 3051 1415 3131 paneis
1444 3048 1591 3111 hocloco
1620 3049 1652 3111 in
1681 3049 1821 3112 medium
1848 3050 1977 3131 prolatis
2000 3067 2117 3112 unum-

367 3182 527 3247 quemque
548 3166 732 3251 Intellegere
756 3187 858 3251 spere,
881 3168 936 3250 qui
959 3186 1022 3229 non
1045 3185 1078 3229 re
1098 3168 1309 3250 praeiudicata
1331 3171 1366 3230 in
1388 3170 1444 3232 has
1468 3169 1670 3249 quaestiones
1692 3168 1806 3232 arbiter
1826 3187 1898 3234 esse
1921 3169 1998 3232 velit
2010 3168 2057 3250 ³²).

528 3283 617 3349 Haec
648 3288 745 3370 igitur
777 3287 941 3351 hactenus:
976 3286 1037 3349 alia
1069 3290 1155 3351 enim
1179 3294 1267 3370 sunt,
1304 3308 1386 3372 qnae
1416 3291 1660 3371 praetermittere
1695 3309 1851 3371 nequeam
1875 3289 1932 3354 hae
1956 3289 2113 3354 scribendi

364 3405 596 3486 opportunitate
618 3405 699 3487 data,
722 3408 873 3490 quoniam
895 3408 929 3468 in
952 3406 1100 3469 editionis
1115 3405 1293 3490 Moralium,
1315 3428 1396 3492 quae
1411 3407 1590 3471 Aristotelis
1607 3408 1736 3472 nemine
1752 3408 1906 3495 feruntur,
1926 3409 2113 3493 Magnorum

530 3678 577 3742 18)
596 3695 621 3746 p.
641 3679 706 3731 516:
732 3678 872 3741 „Timaeos
891 3678 945 3731 nnd
963 3677 1064 3730 Kritias
1092 3676 1152 3730 sind
1170 3694 1225 3731 nun
1244 3674 1378 3729 natiirlich
1397 3675 1442 3729 dle
1460 3678 1573 3731 tiltesten
1590 3679 1666 3746 jener
1684 3679 1773 3732 siebeu
1787 3680 1885 3733 letzten
1904 3681 2025 3748 Dialoge,
2044 3681 2113 3734 donn

363 3765 401 3817 sie
415 3765 509 3818 steheu
523 3765 560 3818 im
574 3764 773 3819 Wesentliehen
787 3764 856 3818 noch
870 3765 919 3818 anf
929 3764 987 3816 dem
1002 3763 1163 3832 politisehen
1174 3763 1345 3832 Standpunkt
1364 3763 1409 3816 der
1427 3764 1571 3833 Republik.
1594 3766 1646 3818 und
1664 3765 1710 3818 der
1729 3766 1830 3820 Krities
1848 3766 1918 3820 blieb
1937 3768 2113 3830 novellandet,

365 3852 422 3904 weil
440 3851 539 3905 Platou
558 3853 647 3906 diesen
665 3851 836 3920 Standpunht
856 3850 979 3903 verliess:
1004 3848 1051 3901 der
1072 3851 1244 3903 saaatsmann
1264 3867 1336 3903 mass
1354 3851 1423 3904 uach
1442 3850 1532 3905 diesen
1551 3852 1719 3906 Praemissen
1738 3855 1771 3918 (s.
1792 3854 1911 3907 Hirzel
1930 3857 2018 3908 Herm.
2039 3855 2115 3909 VIII.

367 3939 440 3991 187⁴.
461 3939 487 3990 S.
509 3940 556 3991 121
576 3939 603 4001 f,
622 3940 675 4007 vgl.
693 3938 834 4006 Peipers
853 3936 942 3991 Ontol.
961 3936 1031 3988 Plat.
1052 3936 1078 3990 S.
1098 3936 1162 4002 505)
1182 3937 1220 3990 als
1240 3937 1398 4005 Uehergang
1416 3955 1466 3991 vou
1485 3939 1634 3993 demselbeu
1649 3956 1679 3992 au
1693 3939 1752 3992 dem
1771 3941 1816 3993 der
1834 3940 1944 3994 Gesetzo
1963 3942 2116 3995 batrachtet

366 4024 496 4076 werden‘.
534 4025 591 4088 Quo
610 4024 694 4091 ign'tur
712 4023 768 4077 iure
786 4022 894 4091 scripsit
913 4022 1099 4076 Schanzius
1118 4023 1136 4074 l.
1151 4024 1168 4076 l.
1188 4023 1354 4086 „Writerhin
1367 4025 1432 4078 wird
1449 4025 1496 4078 der
1509 4027 1632 4080 Timaeus
1652 4028 1819 4094 vergeriictt,
1837 4045 1859 4081 a.
1870 4029 1900 4082 B.
1916 4045 1966 4081 ven
1981 4028 2116 4084 Susamihl

364 4109 877 4165 iuderPhilol.Wochenschr.1884.
904 4126 942 4162 nr.
964 4109 1004 4174 17,
1032 4108 1078 4162 der
1105 4109 1187 4163 ohne
1215 4110 1350 4178 Angabe
1378 4127 1440 4163 ron
1458 4111 1616 4166 Griindau
1648 4113 1695 4167 ihn
1714 4114 1762 4167 auf
1776 4113 1824 4167 deu
1844 4115 1923 4169 Staat
1942 4116 2031 4185 folgen
2049 4119 2116 4172 liisst

367 4195 421 4249 und
439 4196 487 4249 ihn
506 4214 551 4250 vor
569 4197 716 4266 Sophistes,
734 4196 873 4261 Politicus,
892 4195 1020 4250 Philebus
1038 4197 1181 4250 ansetzt·‘?

531 4283 575 4350 29)
593 4284 624 4337 L.
642 4285 660 4337 l.

531 4371 575 4431 30)
594 4370 811 4426 Jahresberichte
829 4370 881 4424 III.
910 4370 1042 4436 (183415).
1072 4387 1098 4439 p.
1118 4370 1167 4423 301
1186 4388 1226 4441 sq.
1261 4373 1293 4426 In
1322 4374 1454 4427 nonnullis
1481 4373 1590 4429 Pelii-ici
1617 4374 1738 4443 partibus
1767 4376 1910 4444 opprobria
1929 4379 2057 4448 quaedam
2074 4398 2116 4435 re·

365 4457 433 4526 spici
451 4458 560 4512 Platoni
578 4475 594 4512 a
611 4460 700 4513 nescio
718 4459 814 4529 quibus
833 4459 910 4512 illata
928 4458 960 4510 de
978 4457 1123 4511 disserendi
1142 4459 1245 4512 ratione
1265 4459 1293 4511 iu
1312 4458 1438 4527 Sophiste
1455 4459 1576 4513 adhibita
1590 4478 1642 4514 non
1661 4462 1816 4516 Rohdens
1835 4464 1944 4532 primus,
1963 4469 1994 4520 ut
2011 4467 2116 4523 eredere

366 4545 471 4598 ridetur
489 4547 667 4600 Schanzius
686 4548 702 4600 1.
721 4549 738 4600 l.
758 4564 783 4615 p.
801 4548 861 4610 454,
882 4546 1021 4608 intellexit,
1040 4545 1086 4599 sed
1103 4544 1202 4598 dudum
1221 4545 1271 4598 hoc
1290 4551 1449 4598 monuerunt
1468 4547 1522 4609 alii,
1544 4563 1568 4599 v.
1583 4547 1651 4602 Ast.
1666 4549 1736 4602 Plat.
1751 4550 1813 4604 Lab.
1833 4569 1859 4605 u.
1877 4552 2011 4607 Schriften
2025 4571 2050 4623 p.
2064 4555 2116 4607 233

368 4648 406 4700 sq.
445 4633 618 4687 Susamihl.
638 4634 714 4688 Plat.
732 4634 805 4688 Phil.
825 4634 846 4686 1.
868 4650 893 4702 p.
913 4633 971 4696 333,
996 4632 1104 4686 atinde
1123 4632 1326 4700 consequitur,
1353 4635 1383 4684 ut
1400 4632 1574 4702 philosophus
1592 4639 1653 4702 post
1671 4636 1825 4705 Sophistam
1844 4642 1951 4693 etanta
1970 4641 2113 4696 l’olitIcum

367 4734 448 4772 unum
466 4721 588 4789 pluresve
616 4722 682 4774 alios
700 4720 818 4789 dialogos
844 4721 989 4788 scripserit,
1015 4720 1061 4773 sed
1087 4719 1153 4773 satis
1171 4719 1237 4772 haec
1263 4735 1304 4771 res
1322 4723 1411 4786 potest
1428 4720 1568 4788 explicari,
1596 4720 1737 4775 dummodo
1756 4723 1821 4778 duos
1839 4727 1892 4778 fere
1911 4743 1995 4780 annes
2022 4727 2112 4793 fuisse,

366 4808 427 4873 post
445 4806 599 4874 Sophistam
617 4807 719 4862 editum
737 4825 797 4862 eum
816 4808 911 4862 exierit
927 4807 1066 4870 Politicus,
1084 4822 1228 4866 sumamus,
1247 4823 1270 4858 v.
1290 4806 1470 4860 Susamihl.
1495 4807 1513 4860 l.
1531 4808 1548 4860 1.

532 4895 579 4960 31)
598 4895 655 4947 Aut
671 4896 757 4962 igitur
775 4900 887 4964 uterque
905 4893 1026 4961 dialogus
1044 4909 1060 4945 a
1077 4893 1190 4946 Platone
1209 4891 1400 4945 abiudicandus
1418 4896 1459 4946 est
1472 4897 1518 4946 aut
1537 4898 1638 4948 neuter.
1663 4896 1844 4952 Nihilominus
1862 4901 1957 4955 Ditte
1968 4902 2115 4971 uberger

368 4979 471 5044 (Herm.
489 4979 561 5033 XVI.
581 4996 606 5047 p.
625 4979 731 5049 323811.
750 4999 775 5035 n.
795 4981 824 5045 2)
846 4981 986 5034 Philebum
1013 4980 1158 5047 genuinum
1177 4997 1233 5034 esse
1252 4982 1339 5048 putat,
1359 4980 1543 5034 Parmenidem
1571 4985 1691 5052 spurium
1710 5003 1766 5039 esse
1793 4989 1944 5057 suspicatur
1962 4990 2111 5044 rationibus

368 5068 551 5133 grammatias
570 5068 690 5130 nlmium,
709 5069 810 5122 utiam
829 5067 880 5122 hae
898 5085 929 5121 ex
948 5084 976 5120 rs
994 5068 1052 5121 luce
1070 5067 1167 5121 clarius
1185 5073 1234 5130 est,
1253 5069 1374 5121 confisus.

532 5156 577 5220 32)
595 5156 677 5208 Plane
695 5155 814 5222 neglexit
831 5155 1013 5210 Schanzius
1031 5154 1149 5209 sobrium
1166 5153 1308 5217 iudicium,
1337 5154 1405 5223 quod
1433 5160 1460 5208 et
1478 5157 1509 5210 de
1536 5157 1800 5226 Dittenhergeri
1826 5159 2056 5229 disquisitionibus
2085 5168 2113 5217 et

372 5239 480 5292 omnino
498 5238 530 5293 de
548 5243 607 5294 tota
624 5241 675 5295 hae
691 5239 854 5309 disquirendi
880 5243 984 5296 ratione
1001 5243 1137 5296 stetistiea
1154 5242 1319 5311 gravissImis
1337 5244 1502 5310 argumentis
1520 5245 1609 5299 allatis
1634 5246 1698 5300 feeIt
1723 5246 1999 5318 Frederlringius
2016 5250 2112 5310 Jahrb,

370 5324 390 5380 f.
406 5324 503 5379 Philol.
523 5325 630 5381 CXXV.
648 5327 724 5382 1882.
741 5343 768 5396 p.
786 5328 932 5384 ses-541.
