5018 5940
1445 414 1535 489 VIII

574 619 725 685 hocloco
751 623 1006 687 concludendum
1033 625 1096 686 nisi
1127 624 1201 687 hoc:
1237 628 1264 690 si
1293 625 1381 690 Plato
1409 629 1485 690 haec
1513 630 1637 711 scripsit
1663 632 1829 711 postquam
1857 626 2013 693 isocrates
2040 628 2218 711 divulgarit
2240 628 2335 692 rerba

573 740 689 804 similia
712 743 740 823 Q,
765 744 802 806 111
821 746 867 829 ἔτι
889 734 924 804 δὲ
946 747 1008 803 τῶν
1029 749 1138 830 καιρῶν
1160 740 1200 831 μή
1220 737 1411 832 διαιμαιρτεῖν,
1445 768 1554 813 eorum
1578 749 1661 812 haud
1686 748 1781 811 dubie
1805 769 1869 812 nen
1889 751 2058 813 immemor
2079 754 2165 830 1111,
2197 751 2246 811 sin
2270 748 2336 811 Ise-

573 866 674 924 crates
697 881 755 926 sna
777 865 955 946 posthaec,
980 866 1193 929 convertenda
1213 887 1265 930 res
1289 875 1346 930 est.

740 982 827 1048 Nihil
862 986 958 1068 igitur
993 990 1099 1048 nranet
1133 987 1195 1050 nisi
1216 988 1299 1070 qrrml
1334 990 1436 1051 attulit
1472 989 1622 1052 Usener
1644 988 1875 1070 paululumque
1899 988 2105 1070 amplificavit
2139 985 2335 1067 'liyclra¹⁴):

573 1100 685 1184 rerba,
717 1103 834 1186 quibus
856 1106 916 1168 tria
938 1124 1019 1187 epus
1042 1124 1113 1169 esse
1136 1109 1242 1170 futuro
1266 1112 1400 1191 oratori,
1433 1111 1597 1192 ingenium
1621 1109 1793 1170 doctrinam
1817 1111 2098 1188 exercitationem,
2129 1111 2159 1168 ct
2182 1105 2335 1169 Isocrates

572 1228 734 1286 asseverat
756 1226 783 1305 Q
803 1226 842 1289 14
864 1233 900 1287 αὶ
924 1224 976 1311 μὲν
996 1220 1053 1311 γὰρ
1075 1217 1256 1312 δυνάμεις
1278 1230 1328 1289 καὶ
1347 1234 1409 1289 τῶν
1431 1220 1621 1314 λόγωνκαὶ
1643 1233 1722 1289 τῶν
1741 1221 1867 1289 ἄλλων
1890 1230 2009 1314 ἔργων
2032 1235 2063 1290 ct
2084 1228 2230 1308 inprimis
2255 1228 2283 1305 Q
2299 1225 2335 1287 17

573 1359 620 1424 sq.
644 1335 773 1406 >caldeis
797 1339 851 1408 τὸν
873 1344 926 1430 μὲν
948 1340 1091 1430 μαθητὴν
1179 1348 1434 1432 qopaaontaaaffi)
1521 1349 1571 1410 aad
1595 1340 1713 1409 τούτων
1746 1346 1799 1432 μὲν
1818 1339 1958 1409 ἁπάντων
1982 1338 2193 1432 συμπεσόντων
2214 1349 2337 1420 τελείως

574 1451 687 1535 ἕξουσιν
710 1470 736 1526 οἰ
757 1469 999 1551 φιλοσοφοῦντες·
1022 1464 1091 1525 καθ’
1126 1463 1141 1527 ὃ
1165 1458 1191 1527 δ’
1217 1462 1252 1527 ἂν
1275 1469 1420 1553 ἐλλείρθη
1443 1493 1473 1529 τι
1495 1474 1558 1529 τῶν
1575 1468 1747 1554 εἰρημένων,
1781 1461 1896 1554 ἀνάγκη
1927 1460 2025 1550 ταύτῃ
2045 1478 2142 1553 χεῖρον
2165 1459 2336 1531 hia-astabat

571 1577 642 1656 τοὺς
663 1576 885 1659 πλησιάζοντας
907 1590 938 1649 11
959 1583 1047 1647 Plato
1071 1584 1166 1647 2691)
1199 1581 1244 1647 τὸ
1269 1587 1321 1672 μὲν
1343 1579 1547 1665 δύνασθαι,
1571 1582 1595 1649 ui
1618 1582 1738 1675 Φαῖδρε,
1761 1587 1842 1652 ὥστε
1864 1583 2034 1674 ἀγωνιστὴν
2056 1582 2161 1650 τελεὸν
2182 1588 2336 1671 γενέσθαι,

572 1694 671 1781 εἰκός,
692 1708 763 1779 ἴσως
785 1697 820 1768 δὲ
850 1708 900 1768 καὶ
921 1703 1096 1790 ἀναγκαῖον,
1127 1708 1204 1790 ἔχειν
1232 1705 1353 1793 ὥσπερ
1384 1701 1514 1769 τᾶλλα.
1544 1714 1569 1770 εἰ
1592 1708 1644 1793 μέν
1660 1732 1706 1771 σοι
1734 1700 1859 1795 ὑπάρχει
1891 1698 1975 1791 φύσει
2001 1711 2146 1793 ρἠτορικῷ
2171 1706 2255 1785 εἶναι,
2277 1712 2336 1771 ἔσει

573 1814 670 1912 ῥήτωρ
694 1817 867 1913 ἐλλόγιμος,
894 1818 1073 1912 προσλαβὼν
1102 1817 1267 1910 ἐπιστήμην
1289 1849 1324 1888 τε
1347 1829 1397 1888 καὶ
1420 1827 1561 1911 μελέτην·
1591 1827 1663 1892 ὅτου
1687 1821 1712 1890 δ’
1748 1824 1784 1888 ἂν
1806 1829 1927 1910 §laag
1948 1818 2077 1909 aedues,
2100 1819 2197 1910 ταύτῃ
2220 1824 2334 1902 ἀτελὴς

573 1949 719 2011 locatam
743 1947 859 2010 similia
882 1950 972 2025 sunt,
1007 1953 1042 2008 ut
1075 1946 1224 2009 alteruter
1250 1948 1331 2010 haud
1363 1949 1458 2012 ‹lubie
1487 1950 1619 2012 alterum
1650 1970 1722 2013 cum
1755 1950 1894 2012 adsensu
1925 1951 2021 2011 citare
2045 1949 2194 2012 soluerit:
2230 1954 2334 2012 utrum

574 2072 680 2132 autem
704 2068 757 2130 ille
781 2067 866 2129 hunc
889 2086 928 2129 an
951 2063 1038 2128 hunc
1060 2066 1123 2147 illc,
1147 2086 1186 2129 cx
1204 2068 1253 2130 lris
1271 2067 1398 2151 quidem
1414 2069 1490 2132 selis
1505 2069 1611 2131 serbis
1626 2071 1751 2132 decerni
1768 2073 1879 2152 utique
1901 2071 2023 2151 nequit,
2046 2047 2125 2131 atsi
2148 2076 2333 2151 reputamus

573 2206 655 2272 quae
671 2187 774 2250 adhuc
791 2187 1095 2268 demonstravimus
1111 2206 1312 2271 nequaquam
1328 2188 1460 2253 dubium
1476 2209 1547 2252 esse
1570 2196 1687 2273 potest,
1705 2191 1783 2272 quin
1804 2187 1892 2251 Plato
1914 2189 1968 2250 tali
1991 2190 2111 2250 ratione
2126 2188 2165 2251 ab
2181 2187 2336 2251 lseeemte

571 2307 717 2372 laudatus
742 2309 782 2370 sit
814 2326 879 2369 nen
902 2304 1057 2368 Isocrates
1080 2326 1098 2368 1
1120 2305 1259 2371 Platone.
1290 2307 1445 2372 Isocrates
1467 2312 1551 2373 enim
1574 2312 1632 2372 etsi
1656 2313 1713 2390 eia,
1746 2328 1829 2391 (quae
1854 2312 1961 2372 contra
1991 2310 2155 2372 scientiam
2186 2309 2336 2371 moralem

572 2432 603 2490 et
626 2427 664 2490 de
689 2445 819 2490 suerum
844 2427 1019 2489 studiorum
1038 2430 1224 2491 mariniani
1252 2429 1290 2490 ad
1316 2448 1418 2492 utores
1441 2430 1656 2494 emerulaudos
1679 2430 1848 2510 disseruit,
1874 2449 1999 2510 revera,
2026 2430 2109 2491 sicut
2132 2428 2218 2508 dixi,
2241 2428 2334 2488 ctiam

498 2572 504 2588 ·
570 2546 738 2611 Platonem
760 2545 937 2610 offendebat
960 2550 991 2607 ct
1013 2549 1083 2610 sino
1108 2546 1204 2610 dubio
1227 2551 1359 2612 minime
1383 2550 1545 2632 ignorabat
1568 2570 1605 2612 ea
1628 2570 1767 2633 quoque,
1790 2570 1871 2632 quae
1888 2550 1926 2611 dc
1943 2551 2061 2631 exiguo
2086 2547 2216 2629 ambitu,
2239 2567 2335 2629 parra

571 2667 734 2751 dignitate,
756 2667 847 2730 tenui
866 2671 1054 2750 argumente
1078 2669 1230 2730 scientiae
1252 2669 1291 2731 ud
1313 2675 1410 2732 artem
1433 2671 1633 2752 eloquentiae
1659 2672 1829 2752 spectantis
1853 2669 1969 2749 docuit,
1992 2667 2115 2731 Platoni
2132 2685 2334 2749 nequaqnam

571 2788 695 2871 placere
717 2789 878 2871 potuisse,
904 2806 1107 2870 summopere
1136 2792 1241 2852 tamen
1270 2791 1379 2852 onmia
1401 2790 1551 2870 declinat,
1585 2788 1702 2872 quibus
1735 2789 1838 2851 dedita
1861 2809 1957 2872 opera
1980 2790 2207 2872 expressisque
2228 2784 2335 2847 verbis

572 2907 697 2972 laedere
719 2928 793 2972 eum
813 2906 895 2969 velle
915 2909 1016 2989 pessit
1036 2909 1150 2991 videri,
1179 2910 1387 2992 nondumque
1415 2912 1483 2973 rult
1504 2911 1690 2990 amicitiam,
1722 2929 1803 2992 quae
1827 2909 1928 2972 adhuc
1951 2911 2031 2971 inter
2054 2928 2109 2971 ecs
2132 2907 2242 2985 iuerat,
2273 2905 2336 2966 dis·

572 3029 712 3092 solvere:
736 3031 867 3113 quaesi
891 3031 935 3092 111
958 3048 993 3093 sc
1014 3027 1143 3110 habent,
1166 3029 1315 3092 facillime
1338 3031 1542 3112 intellegitur,
1565 3051 1621 3093 cur
1644 3031 1746 3093 laudis
1769 3029 1852 3092 bene
1875 3049 1996 3092 mernor·
2018 3028 2127 3092 abillo
2144 3029 2176 3089 in
2193 3024 2335 3088 Phaedre

569 3150 632 3233 ipsi
644 3148 779 3214 tributae
792 3169 829 3213 ee
844 3149 995 3213 libentius
1008 3149 1135 3232 arripiat
1146 3152 1344 3213 occasionem
1361 3148 1526 3214 Platonem
1544 3171 1655 3214 rursus
1672 3154 1714 3213 Ita
1728 3150 1889 3231 laudandi,
1901 3154 1936 3212 ut
1950 3169 2019 3212 eam
2036 3154 2119 3213 certe
2135 3148 2335 3226 scrrtentiam,

571 3269 611 3333 (11
634 3289 698 3352 qua
720 3289 792 3332 cum
813 3271 867 3333 ille
890 3271 1046 3353 congruit,
1061 3268 1219 3332 similibus
1243 3271 1349 3334 rerbis
1374 3279 1468 3354 atque
1492 3272 1545 3334 ille
1568 3272 1601 3333 in
1624 3273 1679 3334 illo
1702 3271 1825 3353 dialogo
1849 3271 2012 3353 exprimat.
2058 3268 2172 3332 Contra
2194 3265 2283 3330 Plato
2307 3268 2335 3328 si

572 3389 751 3454 Phaedrum
775 3391 901 3474 scripsit
922 3395 994 3473 pest
1014 3391 1095 3454 hane
1111 3390 1258 3455 Isocratis
1275 3392 1547 3473 declamationem,
1570 3391 1728 3475 quomedo
1745 3393 1881 3473 potuerit
1900 3409 1962 3451 nen
1987 3389 2090 3452 solum
2113 3388 2197 3451 idem
2220 3388 2334 3465 facere,

572 3511 627 3574 sed
651 3513 756 3585 etiam,
780 3511 812 3573 id
835 3510 1004 3594 quodiam
1027 3512 1105 3593 dixi,
1128 3512 1298 3576 Isocratem
1323 3514 1355 3574 in
1371 3513 1458 3575 exitu
1476 3513 1571 3575 huius
1587 3513 1703 3595 dialogi
1718 3512 1771 3574 tali
1794 3513 1914 3575 ratione
1930 3508 2069 3591 laudare,
2092 3530 2129 3572 ea
2146 3528 2232 3587 rere,
2256 3527 2336 3589 (1111

571 3633 688 3695 maiore
701 3631 1225 3714 111111111111111111111111111
1241 3632 1280 3696 ad
1292 3630 1506 3694 emendandas
1519 3636 1550 3693 ct
1559 3632 1760 3713 corrigendas
1776 3630 1935 3713 sophistae
1951 3631 2124 3693 sententias
2140 3626 2334 3711 spectabant,

570 3753 614 3815 ita
628 3772 812 3835 proponere,
827 3758 1049 3836 utnusquam,
1065 3756 1148 3817 sicut
1159 3754 1390 3833 demonstravi,
1402 3752 1494 3814 elaris
1510 3759 1604 3835 atque
1620 3752 1776 3814 distinctis
1792 3749 1898 3813 rer-bis
1914 3770 1967 3812 eas
1983 3753 2158 3832 castigaret,
2173 3767 2215 3809 11
2230 3747 2331 3808 dicam

571 3873 668 3956 digito
681 3893 735 3937 eas
746 3877 943 3955 monstraret,
955 3872 1104 3955 equidem
1118 3876 1254 3957 profecto
1268 3893 1331 3937 nen
1349 3892 1512 3956 assequor,
1527 3892 1633 3955 neque
1650 3873 1780 3954 assequi
1794 3872 1897 3953 potuit
1912 3872 1981 3951 Ipse
1997 3868 2237 3932 Siebeckius:
2259 3865 2333 3929 inde

574 3996 660 4057 enim
678 3994 793 4057 factum
808 3999 866 4073 est,
879 3999 913 4056 ut
936 3994 1032 4076 plane
1050 3993 1141 4057 aliter
1155 4013 1221 4056 rem
1241 4013 1276 4058 se
1288 3993 1402 4058 habere
1417 3995 1532 4056 frustra
1547 3993 1712 4056 ostendere
1725 3991 1873 4054 studeret.
1908 3991 2052 4053 Ceterum
2066 3991 2160 4052 etiam
2177 3989 2203 4050 si
2220 3988 2336 4068 omnin,

572 4133 654 4197 quae
686 4114 830 4196 pretulit,
864 4112 1049 4196 probarem,
1081 4114 1281 4178 nilrilcmuns
1314 4130 1485 4178 noricum
1520 4113 1640 4176 ultimis
1676 4115 1745 4175 eius
1768 4110 1874 4174 rcrbis
1896 4112 2125 4174 consentirem:
2162 4108 2238 4191 „Als
2258 4105 2333 4168 Pro-

572 4254 695 4320 gramm
718 4254 775 4297 zur
797 4231 973 4318 Eriiffnnng
993 4233 1048 4298 der
1069 4235 1246 4299 Akademie
1269 4236 1370 4299 diirfte
1394 4235 1449 4298 der
1480 4233 1632 4297 Phaidros
1662 4234 1742 4295 nach
1765 4233 1898 4296 allcdem
1923 4231 2104 4294 sclnrerlich
2127 4224 2333 4313 gesclrricben

571 4356 675 4419 seim‘.
719 4354 848 4418 Etenim
869 4374 943 4417 curn
965 4354 1062 4418 huius
1084 4356 1202 4438 dialogi
1229 4362 1451 4440 argumentum
1475 4357 1508 4417 in
1532 4355 1619 4417 nulla
1642 4353 1758 4416 aliare
1781 4355 1843 4417 nisi
1864 4355 1898 4415 iu
1916 4358 2001 4415 recta
2030 4353 2152 4415 ratione
2187 4346 2332 4428 docendi,

570 4475 716 4558 dicendi,
739 4475 899 4539 scribendi
922 4483 1068 4540 versetur
1094 4482 1127 4540 et
1144 4477 1203 4540 hac
1233 4479 1268 4539 11
1299 4496 1333 4539 11
1358 4479 1462 4540 rivam
1486 4494 1598 4537 vocem
1619 4478 1781 4555 tantopere
1804 4471 1892 4534 libris
1916 4474 2042 4555 scriptis
2066 4469 2234 4554 praeierat,
2266 4471 2330 4529 tam

572 4597 758 4660 verisimilis
781 4602 830 4660 est
849 4597 927 4660 haec
950 4598 1131 4659 conlectura
1152 4616 1171 4660 a
1193 4595 1395 4660 Siebeckio
1420 4602 1451 4659 11
1470 4614 1525 4678 pcr
1548 4593 1676 4676 aliquod
1697 4600 1823 4676 tempus
1846 4614 1930 4656 ame
1944 4590 1981 4674 ¹⁶)
2007 4611 2135 4674 queque
2158 4590 2333 4674 repudiata,

570 4722 608 4781 nt
627 4718 656 4780 si
677 4719 839 4801 ceteroqui
861 4736 935 4780 cum
955 4717 1022 4779 rire
1045 4715 1227 4781 doctissime
1255 4717 1492 4799 concerdarcm,
1521 4715 1653 4778 minime
1676 4713 1853 4809 dubitarem
1879 4733 1990 4778 eornm
2012 4713 2203 4775 seutentiam
2227 4711 2331 4792 sequi,

739 4974 784 5040 14)
805 4976 829 5024 ls
846 4973 918 5026 enim
936 4971 953 5025 l.
973 4973 990 5025 l.
1010 4989 1034 5040 p.
1054 4973 1096 5036 2¹2,
1115 4972 1147 5025 ef.
1167 4989 1192 5041 p.
1214 4971 1253 5030 17,
1272 4969 1373 5022 deterit
1391 4969 1597 5024 similitudinem
1616 4987 1782 5040 nequaquam
1796 4970 1934 5025 fortuitam
1950 4968 2088 5021 verborum
2101 4965 2228 5020 Isocratis
2247 4965 2271 5031 §-
2294 4966 2326 5016 11

573 5057 598 5110 αἱ
617 5056 660 5130 μὶν
677 5052 726 5128 γὰρ
805 5057 884 5127 ἔργων
901 5063 930 5112 et
947 5059 1069 5113 Platonis
1088 5059 1167 5112 2691)
1185 5052 1215 5109 τὸ
1234 5055 1276 5128 μὲν
1294 5049 1415 5106 δύνασθαι
1493 5046 1582 5107 τᾶλλα.
1620 5056 1652 5111 V.
1671 5062 1763 5111 tamen
1781 5073 1848 5126 quae
1867 5055 1956 5110 monui
1979 5053 2076 5108 Philol.
2095 5054 2161 5106 Aua.
2178 5051 2227 5104 11.
2246 5067 2271 5119 p.
2282 5050 2334 5105 291

570 5150 598 5200 et
616 5145 727 5201 monebo
745 5147 816 5201 inira
836 5163 862 5201 1.
883 5147 923 5201 19.

740 5234 784 5298 15)
803 5233 835 5287 V.
854 5251 880 5286 n.
900 5234 944 5288 11.

740 5321 786 5389 16)
804 5319 855 5373 Dia
874 5318 1096 5388 AblassungszaIt
1113 5319 1159 5373 dea
1177 5318 1368 5374 Platonisehen
1387 5317 1527 5382 Phaidros,
1546 5317 1574 5371 11
1591 5318 1664 5373 Arra.
1688 5316 1782 5386 philol.
1801 5314 1898 5371 CXXI.
1920 5314 1997 5368 1880.
2017 5329 2042 5383 p.
2061 5312 2115 5366 718
2130 5328 2169 5380 sq.
2205 5310 2332 5366 CXXIII.

575 5405 654 5461 1881.
669 5421 696 5475 p.
714 5405 765 5458 659
784 5424 823 5476 sq.
842 5407 903 5461 664.
