5018 5940
1239 336 1244 343 ’
1343 376 1411 454 vr.

493 590 570 650 sunt
591 607 673 671 quae
698 587 798 652 addit:
834 607 905 669 „am
928 589 1138 652 deutlichsten
1164 590 1247 673 zeigt
1269 590 1337 654 sich
1359 591 1480 655 diesin
1505 590 1560 654 der
1582 590 1698 655 letzten
1722 592 1905 673 Antithese,
1934 591 1985 654 die
2008 611 2042 655 er
2064 593 2122 656 arri
2142 593 2253 658 Grund

495 704 611 768 dessen
632 707 791 771 zwischen
813 698 901 790 λόγοι
924 709 991 771 und
1012 699 1178 793 γράμματα
1200 729 1241 772 zu
1264 710 1381 775 Stande
1405 709 1522 793 bringi:
1556 704 1626 784 τοὺς
1647 708 1700 796 μὲν
1721 704 1777 797 γὰρ
1800 702 1909 797 λόγους
1932 708 1990 795 οὺχ
2011 703 2071 773 οἷόν
2092 736 2128 776 τε
2150 718 2254 788 καλῶς

492 826 579 908 ἔχειν,
601 819 637 893 ἦν
660 819 701 910 μὴ
725 833 787 889 τῶν
809 833 919 914 καιρῶν
942 829 992 889 καὶ
1015 831 1068 889 τοῦ
1089 827 1252 914 πρέποντος
1274 834 1382 903 ἱκανῶς
1414 821 1621 916 μετάσχωσιν,
1652 840 1715 904 τοῖς
1737 822 1772 892 δὲ
1795 822 1964 918 γράμμασιν
1995 824 2114 906 οὐδενὸς
2134 824 2255 895 τοότων

489 935 687 1028 προοιδέπσεν
710 949 750 1030 (5.
778 948 860 1025 13)“.
906 946 1014 1023 Quid?
1046 944 1083 1009 ln
1108 947 1196 1011 libris
1229 953 1352 1033 scriptis
1380 945 1548 1036 adspices
1576 970 1726 1032 quaerere
1760 972 1823 1013 non
1848 971 1929 1033 opus
1951 953 2023 1014 est?
2055 952 2176 1017 Tamne
2202 953 2255 1017 ab·

489 1064 585 1128 surda
608 1065 687 1129 dixit
709 1066 890 1131 Isocrates?
917 1066 1019 1129 Immo
1043 1069 1159 1160 omnia,
1184 1089 1265 1151 quae
1287 1070 1374 1133 affert
1396 1072 1435 1135 de
1459 1072 1641 1135 discrimine
1663 1061 1852 1155 γραμμάτιον
1886 1077 1917 1135 ct
1935 1062 2050 1156 λόγων,
2074 1074 2112 1136 ad
2135 1075 2255 1138 litteras

490 1185 619 1269 linguae
643 1189 809 1272 quadrant,
832 1188 911 1251 nibil
934 1187 973 1249 ad
997 1186 1102 1249 libros.
1148 1186 1226 1252 Illae
1242 1191 1327 1253 onim
1344 1212 1455 1255 revera
1477 1189 1691 1253 immutabiles
1707 1197 1783 1252 sunt
1805 1196 1836 1253 ct
1851 1192 1980 1254 caedem
1997 1212 2106 1258 carum
2130 1193 2255 1280 semper

490 1308 663 1371 eorundem
688 1312 789 1392 signa,
812 1310 845 1371 in
866 1298 975 1392 λόγους
1007 1328 1082 1371 vero
1109 1328 1172 1370 non
1205 1310 1307 1372 solum
1332 1331 1385 1376 ere
1409 1309 1549 1391 habitoS,
1578 1311 1633 1374 sed
1664 1312 1758 1373 ctianr
1790 1313 1921 1394 scriptos
1943 1316 2135 1378 eontrarium
2158 1317 2252 1380 cadit:

488 1446 553 1490 non
576 1428 671 1492 modo
691 1431 776 1493 enim
799 1428 927 1510 dicenti,
949 1449 1061 1492 rerum
1085 1431 1179 1491 etiam
1204 1429 1353 1494 scribenti
1377 1450 1413 1495 ea
1436 1434 1544 1494 minus
1565 1429 1656 1496 utilia
1679 1435 1763 1510 sunt,
1787 1451 1868 1514 quae
1891 1433 1953 1495 iam
1977 1433 2058 1496 alius
2081 1439 2251 1498 antaeum

488 1547 634 1630 protulit,
654 1550 709 1613 sed
732 1552 760 1613 is
783 1557 832 1613 est
854 1569 1001 1613 summus
1023 1552 1059 1611 ut
1082 1551 1115 1612 in
1139 1549 1272 1613 dicende
1296 1553 1338 1614 ita
1366 1554 1461 1616 etiam
1485 1554 1516 1614 in
1542 1549 1709 1614 scribendo
1730 1551 1862 1630 artifex,
1889 1554 1944 1634 qui
1967 1573 2029 1616 nen
2054 1554 2157 1617 selum
2181 1559 2252 1637 apta

489 1668 535 1730 rei
557 1670 753 1753 tractandae,
784 1691 895 1734 verum
925 1672 1020 1733 etiam
1050 1688 1134 1731 nera
1166 1671 1282 1752 optime
1314 1674 1459 1735 invenire
1483 1676 1631 1755 petestll.
1678 1669 1718 1732 Et
1740 1691 1803 1733 non
1828 1671 1930 1735 solum
1956 1675 1988 1736 in
2012 1693 2066 1736 ere
2086 1672 2251 1754 habendis,

492 1786 661 1852 sedetiam
685 1792 718 1852 in
742 1790 918 1854 scribendis
940 1780 1045 1873 λόγοις
1076 1791 1295 1872 quaerendum
1319 1811 1444 1876 semper
1467 1797 1531 1871 cst,
1561 1809 1720 1874 quaenam
1745 1795 1817 1872 apta
1839 1793 1904 1854 sint
1927 1797 1957 1856 et
1979 1813 2136 1878 quaenam
2160 1814 2253 1875 nova,

489 1911 598 1972 contra
619 1911 654 1972 in
678 1911 844 1974 elementis
869 1912 997 1994 linguae
1023 1909 1078 1972 tali
1101 1908 1205 1971 studio
1238 1929 1301 1972 non
1325 1933 1404 1996 epus
1426 1916 1474 1975 est
1484 1915 1523 1991 ⁸),
1554 1911 1629 1994 qnia
1651 1904 1801 1973 nimirum
1826 1913 2050 1995 unusquisque
2067 1915 2135 1996 scit,
2158 1934 2254 1998 quae-

489 2046 562 2090 nam
586 2028 688 2092 littera
711 2031 748 2094 ad
771 2031 849 2114 hoc,
880 2052 1037 2117 quaenam
1061 2034 1099 2096 ad
1122 2031 1198 2095 illud
1222 2038 1295 2114 apta
1318 2034 1374 2112 sit,
1407 2039 1439 2096 et
1469 2034 1542 2116 quia
1566 2051 1724 2114 nusquam
1748 2051 1832 2094 nora
1855 2031 2029 2095 litterarum
2054 2036 2163 2116 signa,
2197 2034 2254 2097 sed

489 2145 608 2231 ubique
631 2168 734 2231 pauca
753 2151 806 2215 illa
829 2156 944 2217 rasitata
968 2152 1150 2216 adhibenda
1181 2155 1297 2232 sunto.
1343 2153 1448 2215 Antea
1469 2153 1596 2236 quidem
1620 2153 1649 2233 5.
1673 2155 1691 2214 9
1714 2151 1868 2214 leocrates
1891 2150 2165 2236 Alcidamantcm,
2199 2160 2255 2240 qui

488 2265 571 2330 haud
595 2268 691 2332 dubie
714 2271 803 2334 velut
821 2275 891 2336 eius
914 2276 1069 2358 magister
1092 2272 1224 2356 Gorgias
1247 2291 1281 2334 se
1303 2274 1335 2334 in
1360 2270 1630 2356 extemporalibus
1653 2271 1849 2335 orationibus
1873 2272 2030 2335 excellere
2052 2273 2254 2359 gloriabatur,

488 2389 651 2451 contendit
669 2389 808 2455 deterius
831 2394 968 2457 scribere
994 2397 1164 2475 orationcS,
1197 2413 1293 2476 quam
1314 2393 1433 2455 indocti
1456 2391 1539 2455 haud
1561 2393 1656 2473 pauci
1679 2412 1720 2454 cx
1743 2398 1882 2475 tompore
1905 2392 2036 2475 faciant,
2068 2400 2100 2459 at
2121 2398 2253 2461 omnino

485 2509 613 2571 maioris
635 2513 867 2576 aestimandum
892 2534 963 2578 esse
986 2517 1169 2598 scriptorem
1193 2533 1289 2596 quam
1321 2519 1473 2576 oratorem
1511 2532 1551 2574 ne
1582 2511 1641 2574 hec
1675 2512 1804 2594 quidem
1837 2511 1905 2575 loce
1928 2514 2011 2576 dicit.
2056 2516 2140 2600 Ergo
2164 2538 2245 2601 quae

488 2625 643 2692 Isocrates
666 2630 817 2695 disseruit
838 2635 982 2716 §.e-13
1005 2640 1036 2698 et
1059 2655 1139 2718 quae
1159 2633 1248 2697 Plato
1271 2635 1332 2696 275
1355 2633 1392 2696 l).
1419 2634 1445 2696 Ε
1468 2635 1538 2696 sino
1561 2633 1625 2696 ullo
1649 2639 1725 2694 sunt
1740 2635 1822 2695 inter
1844 2652 1878 2694 se
1901 2652 2038 2697 conexu.

651 2748 761 2814 Restat
783 2754 882 2836 igitur
915 2775 998 2818 anus
1022 2755 1188 2819 dumtaxat
1210 2755 1297 2819 locus
1321 2759 1349 2838 5.
1376 2753 1520 2833 14-18,
1553 2773 1615 2836 quo
1637 2772 1749 2835 reapse
1772 2758 1827 2815 aut
1848 2752 2002 2818 Isocrates
2025 2752 2160 2817 Phaedri
2182 2754 2252 2818 Pla·

484 2869 580 2933 tonici
603 2889 634 2952 p.
659 2872 720 2935 269
742 2870 781 2936 Ι).
806 2876 868 2937 272
890 2878 929 2958 A,
952 2883 1006 2939 aut
1027 2878 1120 2939 cuius
1143 2875 1229 2940 Plato
1253 2877 1285 2938 in
1305 2875 1448 2939 Phaedro
1464 2875 1584 2938 eisdem
1604 2875 1637 2935 in
1659 2872 1766 2936 uerbis
1788 2877 1828 2952 et,
1851 2875 1878 2935 si
1897 2872 1964 2935 Dee
1981 2873 2110 2954 placuit,
2137 2875 2199 2938 268
2216 2875 2250 2936 Ε·

486 2989 547 3052 269
570 2987 605 3052 B.
629 2994 783 3056 rationem
805 2994 923 3058 habuit.
968 2999 1118 3060 Attamen
1141 3000 1174 3061 in
1198 2998 1257 3059 hec
1280 3017 1408 3081 quoque
1431 2994 1618 3079 explicando
1639 2972 1725 3058 baud
1747 2993 1945 3056 mediocriter
1967 2993 2077 3075 lapsus
2101 2998 2149 3055 est
2172 2994 2249 3057 Sie-

484 3107 652 3174 beckius.
710 3112 806 3178 Haud
835 3118 921 3179 enim
947 3119 1170 3181 animadvertit
1199 3118 1310 3181 eadem
1335 3118 1415 3197 duo,
1448 3136 1583 3200 quorum
1607 3117 1740 3180 alterum
1762 3113 1887 3177 facilius
1911 3115 2080 3194 scientiae,
2112 3115 2245 3178 alterum

485 3231 584 3295 multo
607 3232 768 3297 difficilius
790 3238 1009 3302 exercitationi
1040 3243 1071 3301 et
1098 3239 1239 3321 opinioni
1262 3239 1290 3320 5.
1315 3238 1353 3299 16
1377 3238 1474 3320 sq.¹⁰)
1507 3237 1653 3318 traditur,
1684 3238 1717 3298 in
1741 3236 1769 3316 5.
1796 3235 1833 3296 17
1858 3253 1904 3317 sq.
1928 3233 2003 3296 inde
2026 3255 2044 3297 a
2066 3233 2172 3298 verbis
2195 3238 2249 3299 καὶ

601 3434 912 3445 m————-——.-—.

649 3556 677 3626 7]
697 3560 721 3628 5
744 3561 783 3613 12.
819 3556 847 3613 τὸ
867 3560 910 3632 μὲν
928 3564 978 3615 τοῖν
1004 3557 1158 3633 γραμμάτιον
1184 3558 1302 3629 ἀκινήτως
1321 3561 1369 3631 ἔχει
1389 3563 1429 3614 καί
1448 3562 1509 3632 μένει
1526 3555 1587 3612 κατὰ
1608 3555 1703 3625 ταύτόν,
1724 3577 1788 3610 ωστε
1806 3560 1855 3616 τοῖς
1873 3552 1954 3617 αὐτοῖς
1969 3553 2005 3610 ἀεὶ
2023 3561 2074 3627 περὶ
2093 3561 2143 3610 τοῖν
2162 3558 2244 3613 αὑτοῖν

481 3639 606 3714 χρεόμενοι
625 3647 787 3718 διατελοῦμεν,
818 3642 846 3699 τό
865 3647 891 3700 δὲ
910 3650 960 3702 τοῖν
986 3646 1068 3718 λόγων
1094 3651 1142 3704 πᾶν
1168 3645 1304 3702 τούναντίον
1330 3649 1458 3702 πέπονθεν·
1484 3643 1513 3700 τό
1532 3642 1579 3714 γὰρ
1597 3641 1636 3715 ὑφ’
1657 3642 1739 3713 ἐτέρου
1759 3643 1835 3714 ῥηθὲν
1855 3646 1892 3715 τῷ
1909 3643 2004 3710 λέγοντι
2023 3649 2074 3716 μετ’
2095 3645 2180 3699 ἐκεῖνον
2198 3645 2246 3717 οὐχ

484 3725 577 3799 ὁμοίως
596 3728 721 3804 χρήσιμόν
739 3734 808 3802 ἐστιν,
827 3732 883 3787 ἀλλ’
904 3726 974 3797 οὗτος
992 3731 1048 3789 εἶναι
1066 3741 1130 3789 δοκεῖ
1146 3732 1327 3806 τεχνικοίτατος,
1347 3731 1410 3797 όστις
1435 3732 1465 3789 όίν
1482 3731 1553 3799 ἀξίως
1571 3733 1614 3804 μὲν
1632 3732 1692 3802 λε’γῃ
1711 3732 1761 3785 τοῖν
1778 3727 1938 3802 πραγμάτιον,
1959 3732 2034 3803 μηδὲν
2052 3733 2078 3785 δὲ
2097 3736 2147 3785 τοῖν
2165 3731 2246 3787 αὐτοῖν

487 3819 536 3877 τοῖς
554 3811 638 3879 ἄλλοις
656 3818 766 3890 εὑρίσκειν
785 3818 889 3888 δύνηται.

596 3910 599 3915 ’
651 3909 681 3977 8)
701 3915 722 3974 5.
745 3912 783 3964 13.
823 3909 935 3981 μέγιστον
952 3909 978 3962 δὲ
997 3916 1096 3982 σημεῖον
1113 3913 1156 3978 τῆς
1173 3905 1362 3980 σίνομοιότητοςε
1380 3915 1508 3964 secuntur
1525 3909 1604 3962 verba
1621 3909 1711 3962 allata.

654 3998 685 4064 9)
704 3998 776 4064 Quin
794 3999 875 4053 imme
895 4000 1002 4053 etiamsi
1020 4016 1103 4069 aeque
1121 4016 1182 4052 vera
1200 4002 1272 4052 esset
1294 3998 1453 4052 Sicbecki
1479 3998 1675 4067 interpretatio,
1703 4000 1784 4065 atque
1800 3996 1870 4052 lalsa
1888 3999 1937 4058 est,
1957 4012 1990 4048 ne
2008 3996 2047 4049 sic
2067 3995 2173 4065 quidem
2192 3997 2246 4050 ullo

490 4079 569 4134 verbe
588 4082 621 4136 ab
639 4082 759 4139 Isocrate
786 4087 941 4156 scriptae
968 4087 1101 4140 orationes
1128 4087 1206 4155 plane
1234 4102 1265 4139 ac
1283 4085 1381 4139 diserte
1399 4084 1526 4153 praeferri
1545 4084 1601 4153 ipse
1621 4083 1818 4138 Sicbeckius
1835 4081 1978 4135 concedere
1996 4087 2105 4136 coactus
2124 4088 2182 4148 eat,
2208 4088 2237 4137 at

483 4169 563 4222 tauto
581 4186 670 4225 amore
688 4172 787 4240 flagrat
806 4175 974 4228 coniecturae
992 4190 1070 4238 suae,
1099 4177 1130 4226 ut
1147 4172 1247 4226 adiciat
1267 4172 1345 4226 haec:
1377 4172 1451 4234 ..Aua
1469 4170 1528 4223 dem
1547 4170 1645 4223 blande
1663 4169 1708 4222 des
1726 4169 1838 4222 illaunes
1856 4166 1926 4231 aber,
1940 4168 1986 4221 der
2002 4169 2060 4222 sich
2078 4171 2117 4222 im
2137 4171 2242 4236 Gegan-

487 4257 559 4310 satze
578 4274 609 4311 zu
627 4259 674 4311 der
691 4260 888 4327 geriebtlichen
907 4260 1038 4314 Rhetorik
1056 4259 1209 4313 seincrseite
1236 4258 1285 4311 auf
1299 4259 1371 4311 seina
1390 4259 1480 4312 Kunst
1506 4258 1551 4311 des
1582 4254 1879 4310 Redenschreibens
1907 4259 1989 4308 etwas
2018 4273 2050 4308 zo
2069 4256 2141 4310 Gute
2160 4255 2239 4309 that“

490 4344 572 4402 (aune
590 4344 643 4396 iam
661 4361 692 4398 ee
711 4352 839 4417 tempore.
858 4365 909 4416 quo
927 4346 1066 4401 Phaedrus
1084 4345 1207 4415 prodiit?
1225 4345 1276 4398 hoc
1295 4349 1367 4399 certe
1385 4345 1501 4400 nendum
1521 4345 1742 4405 demonstratum,
1760 4341 1808 4394 sed
1826 4341 1853 4393 id
1871 4343 1959 4410 ipsum
1979 4345 2027 4405 est,
2047 4342 2117 4410 quod
2135 4341 2244 4394 demeu-

485 4430 571 4482 strare
591 4431 649 4486 vult
667 4432 884 4487 Siebaclrius:
903 4434 1032 4488 circulum
1049 4434 1135 4502 igitur
1153 4432 1218 4486 facit
1236 4433 1263 4486 in
1282 4431 1525 4497 demonstrandol),
1546 4433 1663 4496 „kannte
1681 4429 1726 4482 die
1743 4428 1849 4507 scharle
1867 4429 2079 4495 Herverhebuug
2093 4429 2169 4496 jones
2188 4427 2243 4482 Un-

485 4515 650 4570 terschiedee
668 4519 865 4574 unwillkiirlich
884 4522 915 4585 ll)
935 4521 974 4574 als
994 4522 1053 4575 eine
1070 4521 1266 4587 Beverzuguug
1282 4519 1329 4572 der
1354 4511 1490 4587 γράμματα
1508 4535 1554 4572 νοτ
1572 4518 1621 4572 den
1639 4512 1710 4584 λόγοι
1727 4515 1890 4578 emeheinen,
1918 4515 1972 4569 und
1990 4515 2073 4569 solbet
2094 4533 2170 4570 wenu
2187 4515 2243 4570 dies

481 4600 560 4655 nieht
578 4601 624 4656 dar
644 4603 705 4658 Fall
725 4623 848 4673 genesen
866 4613 943 4671 wire,
961 4624 990 4661 so
1009 4607 1129 4660 werdae
1147 4604 1360 4661 Gellisscntliche
1376 4605 1452 4672 jener
1469 4604 1706 4672 Unteracheidung
1723 4619 1790 4671 ganz
1808 4601 1912 4657 danaeh
1931 4602 2068 4670 angetlran
2080 4604 2177 4658 Platon
2195 4622 2242 4672 ge·

482 4687 630 4756 legentlich
649 4708 681 4744 au
700 4693 773 4747 einer
789 4693 947 4762 Darlegung
964 4695 1080 4747 seiner
1097 4695 1261 4760 Auffassung
1287 4691 1424 4745 darselben
1440 4693 1490 4757 (im
1509 4692 1590 4746 Siaue
1608 4691 1654 4744 der
1673 4691 1889 4756 Hiutansetzung
1906 4689 1952 4743 der
1971 4689 2074 4744 Schrilt
2091 4708 2178 4758 gagen
2197 4692 2241 4744 die

483 4775 636 4832 mlindliche
654 4779 738 4842 Rede)
757 4797 790 4834 zu
807 4782 1003 4835 veranlaseen·‘.
1040 4781 1108 4835 Sane
1127 4780 1150 4832 si
1168 4780 1207 4832 ita
1224 4778 1290 4831 licet
1308 4779 1452 4848 scriptores
1470 4778 1613 4849 explicare,
1630 4778 1699 4831 nihil
1716 4779 1766 4839 eat,
1784 4775 1855 4845 qued
1873 4793 1988 4846 nequeas
2007 4781 2033 4831 in
2052 4778 2091 4831 eis
2110 4778 2238 4832 invenire.

653 4869 699 4937 10)
718 4867 781 4936 φημί
799 4861 846 4935 γὰρ
865 4862 914 4935 ἔγοῖ
934 4870 985 4920 τοῖν
1005 4866 1047 4939 μὲν
1066 4864 1177 4933 domiai?
1196 4853 1231 4917 οῖν
1249 4859 1304 4925 τοός
1322 4860 1409 4932 λόγους
1427 4859 1534 4925 ἅπαντας
1552 4866 1592 4917 καλ
1609 4863 1712 4934 λέγομεν
1728 4862 1769 4913 καί
1787 4862 1937 4933 συντίθεμεν,
1950 4863 2032 4932 λαβεῖν
2051 4858 2095 4931 τὴν
2108 4856 2241 4932 ἐπιστήμην

483 4948 528 5005 οὖα
545 4947 602 5006 εἶναι
619 4955 670 5006 τοῖν
687 4946 748 5006 araim
766 4953 891 5023 χαλεποῖν,
916 4946 947 5020 ἦν
974 4972 1006 5013 τις
1034 4949 1107 5005 αὐτόν
1124 4956 1230 5026 παραδοῖ
1249 4948 1281 5024 μὴ
1301 4958 1350 5014 τοῖς
1367 4951 1453 5023 ῥᾳδίοις
1478 4950 1672 5022 ὑπισχνουμένοις
1692 4942 1759 5003 ἀλλὰ
1778 4951 1827 5008 τοῖς
1846 4943 1919 5000 εἰδόσι
1935 4968 1957 5001 τι
1985 4952 2035 5020 cepi
2052 4947 2141 5004 adreio·
2167 4944 2192 5002 τ“
2215 4950 2241 5002 δὲ

484 5034 580 5093 τοιίτων
598 5037 633 5112 tp·
654 5037 750 5112 ίκαίστῳ
776 5042 827 5094 τοῖν
844 5036 997 5113 πραγμάτων
1015 5036 1042 5101 ι’ίς
1060 5043 1094 5092 δεῖ
1111 5041 1260 5110 προελέσθαι
1277 5042 1317 5092 καί
1335 5039 1453 5112 μίξασθαι
1478 5035 1538 5110 πρὸς
1558 5033 1670 5106 ἀλλήλας
1696 5037 1736 5090 καί
1754 5031 1877 5097 τάξασθαι
1895 5031 1958 5089 κατὰ
1977 5033 2075 5106 τρόπον,
2094 5035 2127 5088 ἔτι
2145 5035 2172 5088 δὲ
2190 5038 2240 5089 τοῖν

482 5127 573 5198 καιριιῖν
594 5122 627 5199 μιί
648 5131 794 5200 διαμαρτεῖν,
820 5122 887 5182 ιίλλοί
905 5129 946 5179 καί
963 5131 1012 5188 τοῖς
1039 5123 1195 5198 ἐνθυμήμασι
1212 5124 1348 5199 πρεπόντως
1375 5121 1434 5180 ὅλον
1452 5121 1493 5180 τόν
1510 5122 1585 5194 λόγον
1602 5125 1771 5178 καταποικῖλαι
1797 5125 1837 5176 καλ
1854 5129 1903 5185 τοῖς
1920 5118 2036 5196 ὀνόμασιν
2054 5118 2183 5192 εὐρύθμως
2200 5123 2240 5174 καὶ

484 5217 604 5287 μουσυιυῖς
622 5214 699 5284 εἰπεῖν,
716 5217 794 5268 ταῦτα
812 5214 839 5268 δὲ
857 5215 950 5275 πολλιῖς
968 5213 1097 5285 ἐπιμελείας
1116 5217 1211 5268 δεῖσθαι
1228 5217 1269 5268 καλ
1295 5215 1375 5284 ψυχῆς
1393 5211 1504 5283 ανδρυιῖς
1521 5216 1562 5266 καί
1579 5212 1709 5275 δοξαστικῖ
1710 5233 1720 5273 ς
1738 5210 1808 5282 ἔργον
1826 5204 1894 5266 εἶναι
1922 5215 1953 5265 ut
1972 5209 2113 5279 δοξαστικῆς
2131 5212 2165 5265 ad
2183 5212 2239 5281 opi·

483 5305 589 5359 aionem
608 5304 649 5358 ita
666 5298 778 5372 ἀνδρικῆς
796 5302 829 5357 ad
848 5303 1066 5357 exercitationem
1083 5304 1210 5372 pertinet.
