4680 5956
1145 337 1202 455 xi

463 603 611 668 Nondum
635 605 740 665 tamon
765 597 887 661 sublata
909 596 958 658 est
979 595 1117 677 sumptio
1139 594 1204 675 illa,
1227 595 1404 658 secundum
1426 614 1520 679 quam
1545 595 1639 658 etiam
1655 595 1812 659 eiusmodi
1828 598 1930 659 orator
1946 598 2055 678 posset

299 727 461 792 auditores
483 724 591 788 fallere
614 721 706 785 velle.
749 718 812 783 Sed
834 714 959 779 tandem
983 714 1102 777 tollitur
1122 716 1157 777 in
1178 713 1321 777 clausula
1341 715 1436 778 totius
1458 714 1554 778 huius
1570 715 1792 800 disputationis
1807 716 1868 779 272
1878 713 2053 797 13-27413,

299 846 460 929 simulque
487 844 639 928 repetitur
665 844 697 904 et
724 837 902 902 accuratius
933 834 1104 916 exponitur
1131 830 1236 897 Tisias
1258 834 1380 897 eteius
1403 851 1625 899 successorum
1647 834 1820 916 sententie,
1849 854 1891 899 ex
1922 855 1984 919 qna
2012 854 2053 898 ne

296 970 403 1053 ipsum
424 964 555 1049 quidem
577 964 730 1025 oratorem
755 958 821 1020 veri
852 954 1033 1038 cognitione
1055 972 1149 1037 egere
1171 957 1365 1035 asseverent,
1388 953 1443 1016 sed
1467 956 1543 1018 satis
1566 974 1650 1037 esse,
1672 957 1700 1018 si
1716 955 1854 1039 speciem
1870 957 2054 1039 cognoverit

299 1092 330 1152 ot
351 1086 484 1150 eandem
507 1084 571 1146 iam
593 1082 625 1144 in
650 1079 760 1163 primis
782 1077 878 1140 huius
901 1074 1122 1158 disputationis
1145 1071 1251 1136 verbis
1274 1074 1387 1155 (260A
1410 1076 1489 1158 sqq.)
1520 1078 1596 1139 satis
1617 1076 1782 1139 refutatam
1805 1095 1876 1140 esse
1896 1081 2053 1158 monetur,

298 1208 393 1291 eique
417 1204 587 1289 opponitur
608 1196 778 1283 (2731111)
801 1196 996 1261 enumeratio
1009 1190 1046 1270 ²⁰)
1067 1192 1199 1276 triplicis
1221 1195 1422 1278 cognitionis
1444 1213 1507 1278 qua
1528 1214 1592 1259 non
1608 1214 1713 1260 carere
1728 1215 1822 1280 posse
1838 1197 2053 1280 eloquentiam

298 1326 514 1391 sublimiorem
545 1322 621 1385 artis
652 1319 781 1382 nomine
814 1318 943 1401 dignam
969 1314 1217 1377 demonstratum
1244 1319 1308 1396 cst,
1340 1313 1574 1396 metaphysieae
1601 1308 1630 1395 (ὁ
1667 1308 1723 1382 τὴν
1757 1305 1904 1385 ἀλήθειαν
1945 1307 2052 1394 εἰδώς),

298 1445 539 1531 psychologicee
561 1436 624 1524 (ἐὰν
647 1430 687 1525 μή
719 1462 763 1511 τις
795 1441 859 1498 τῶν
886 1457 921 1498 τε
945 1430 1154 1518 ἀκουσομένων
1174 1427 1228 1508 τὰς
1252 1424 1352 1519 φύσεις
1374 1423 1639 1519 baaphpho-neers),
1669 1435 1789 1518 logicae
1810 1435 1874 1517 (καὶ
1896 1433 1961 1497 κατ’
1989 1427 2053 1504 εἴδη

298 1557 476 1652 διαιρεῖσθαι
497 1555 537 1624 τὰ
556 1554 629 1624 ὄντα
650 1559 701 1620 καὶ
718 1561 772 1642 μιᾷ
793 1548 858 1637 ἰδέᾳ
881 1546 1007 1628 δυνατὸς
1026 1545 1046 1635 ἦ
1071 1550 1140 1616 καθ’
1168 1554 1198 1615 ἓν
1220 1552 1348 1615 ἕκαστον
1368 1543 1614 1639 περιλαμβάνειν).

463 1682 507 1747 Ut
527 1684 622 1766 igitur
644 1678 849 1743 haecomnia
871 1677 905 1739 in
927 1694 1029 1738 unum
1051 1673 1373 1758 comprehendamus:
1397 1673 1602 1757 philosophus
1625 1672 1823 1737 dialecticam
1844 1675 1963 1739 docens
1985 1676 2051 1740 dia-

299 1805 428 1868 lecticus
449 1805 515 1884 est,
551 1821 613 1865 non
647 1799 830 1863 rhetoricus.
876 1793 937 1858 Sed
972 1814 1045 1858 cnm
1078 1794 1230 1879 physicen
1253 1794 1344 1856 docet
1365 1795 1396 1855 ct
1417 1793 1570 1876 ethicam,
1603 1794 1637 1857 in
1659 1792 1741 1856 fines
1763 1792 1858 1857 intrat
1878 1794 2049 1861 rhetoricae

297 1922 501 1987 sublimioris.
546 1919 581 1983 ln
605 1918 747 1983 eiusdem
764 1915 883 1980 linibus
899 1919 1042 1979 versatur
1072 1917 1127 1999 qui
1142 1913 1374 1999 philosophiam
1397 1913 1526 1976 omnino
1548 1932 1614 1977 non
1629 1911 1757 1995 docens,
1780 1913 1835 1977 sod
1854 1915 1925 1978 eius
1942 1920 2048 1979 tamen

296 2062 415 2127 gnarus
437 2042 602 2106 scientiam
625 2039 820 2102 dialecticam
849 2041 881 2099 et
908 2040 1005 2098 artem
1034 2034 1289 2118 psychologicam
1318 2038 1349 2097 ot
1377 2032 1562 2097 rhetoricam
1594 2031 1722 2097 adhibet
1755 2033 1794 2098 ad
1817 2037 1975 2099 orationes
1997 2041 2051 2101 aut

297 2161 517 2228 deliberativas
539 2165 595 2224 ent
615 2158 790 2239 iudiciales,
812 2157 852 2221 ad
873 2155 1069 2219 laudationes
1091 2159 1145 2219 aut
1166 2155 1424 2239 vituperationes
1445 2152 1484 2215 ad
1500 2152 1623 2216 scholas
1646 2153 1829 2237 historicae,
1851 2156 2046 2220 mathemati-

297 2302 369 2364 cas,
396 2281 551 2361 medicas,
578 2279 656 2343 alias
679 2277 849 2341 habendas.
893 2273 979 2339 Huic
1000 2275 1172 2340 rhetoricae
1196 2273 1372 2338 sublimiori
1397 2273 1539 2356 opposite
1560 2276 1609 2336 ost
1627 2273 1768 2357 vulgaris
1792 2273 1856 2357 ille,
1879 2295 1961 2359 queo
1984 2296 2049 2340 non

297 2422 348 2466 ars
375 2404 440 2484 cst,
471 2401 526 2464 sed
555 2398 726 2463 dexteritas
753 2396 909 2480 quaedem
941 2387 1064 2478 (ἄλογος
1089 2389 1174 2481 τριβνΙ
1205 2394 1255 2455 καὶ
1276 2391 1437 2478 ἐμπειρία),
1471 2392 1574 2475 qualis
1608 2393 1641 2455 in
1665 2394 1862 2476 compendiis
1885 2395 2049 2461 rhetoricis

297 2523 427 2588 docetur
459 2524 490 2584 et
511 2521 545 2583 in
579 2520 662 2582 vitae
696 2536 758 2581 usu
786 2516 928 2580 exerceri
950 2514 1030 2577 solet
1056 2533 1120 2577 non
1142 2514 1181 2577 ad
1203 2513 1368 2577 veritatem
1390 2530 1544 2595 vergens,
1579 2512 1634 2576 sed
1656 2513 1696 2577 ad
1727 2516 1867 2597 speeiem
1895 2516 2047 2581 fallacem.

296 2641 437 2706 Medium
460 2640 598 2723 donique
621 2639 727 2702 locum
757 2636 901 2701 obtinent
940 2637 996 2719 qui
1024 2637 1095 2698 sine
1129 2635 1262 2698 scientia
1280 2633 1444 2697 dialectiea
1475 2636 1582 2696 temen
1615 2632 1696 2697 felici
1730 2635 1858 2718 ingenio
1890 2638 2049 2720 rectisque

296 2760 500 2846 opinionibus
523 2759 609 2823 direti
641 2757 799 2822 auditores
822 2758 993 2820 lectoresve
1014 2756 1053 2819 de
1075 2755 1181 2837 rebus,
1214 2774 1296 2838 quae
1319 2755 1509 2835 mactantur,
1532 2772 1596 2816 non
1616 2753 1742 2837 fellere,
1775 2755 1832 2818 sod
1853 2756 1900 2819 eis
1921 2776 2048 2841 quoquo

295 2885 397 2944 rectas
418 2881 584 2964 opiniones
606 2877 727 2941 tradere
750 2877 891 2958 student,
915 2877 1021 2959 itaque
1044 2894 1109 2939 non
1132 2875 1310 2959 philosophi
1339 2873 1468 2957 quidem
1490 2878 1583 2955 sunt,
1606 2877 1637 2936 at
1657 2872 1775 2937 habent
1796 2879 1901 2941 temen
1924 2869 2046 2963 φιλόσο-

297 2991 353 3086 φόν
372 3024 412 3062 τι.
454 2998 579 3063 Horum
600 2999 795 3061 mentionem
816 2996 952 3061 faciendi
974 3015 1047 3060 cum
1069 2997 1139 3080 ipse
1170 2996 1314 3079 dialogus
1336 2992 1459 3058 Platoni
1482 3014 1546 3057 non
1569 2992 1689 3057 dederit
1711 2997 1930 3081 occasionem,
1961 3000 2047 3064 hunc

296 3126 329 3186 in
352 3120 451 3185 finem
473 3118 616 3183 clausula
638 3118 737 3183 ulau
760 3137 829 3202 sqq.
844 3120 879 3199 21)
901 3115 1080 3181 adhibetur:
1103 3136 1145 3180 ex
1167 3135 1277 3181 eorum
1299 3116 1385 3180 enim
1409 3132 1541 3177 numero
1563 3111 1717 3179 Isocrates
1740 3120 1798 3199 est,
1819 3120 1855 3180 ut
1877 3122 1953 3182 tnnc
1974 3118 2045 3185 Ple-

290 3242 358 3306 toni
381 3239 557 3304 videbatur.

458 3359 561 3423 Etiam
584 3358 647 3422 duo
669 3357 779 3421 adicio.
823 3355 862 3419 In
890 3354 1058 3421 Theaeteto
1087 3357 1173 3420 enim
1194 3359 1332 3429 eirenen
1361 3355 1439 3419 nihil
1460 3355 1547 3419 aliud
1573 3361 1622 3419 est
1648 3357 1711 3420 nisi
1740 3359 1898 3441 perceptio
1930 3378 2045 3423 sensns

292 3483 428 3563 externi,
450 3484 482 3542 et
505 3477 589 3562 qnod
611 3480 645 3541 in
659 3477 794 3542 Phaedri
816 3476 870 3540 illo
892 3476 961 3540 loco
983 3475 1080 3540 27111
1103 3495 1168 3539 non
1183 3476 1291 3539 minus
1314 3476 1374 3539 hoc
1396 3477 1526 3540 nomino
1540 3475 1714 3559 appellatur
1728 3477 1767 3540 de
1788 3476 1885 3542 rebus
1908 3480 2044 3563 singulis

289 3601 444 3665 iudicium
472 3599 516 3663 ibi
548 3600 655 3682 potius
687 3598 911 3661 adnumeratur
939 3594 1143 3680 opinionibus
1170 3586 1313 3679 (δόξαις),
1348 3598 1499 3680 qnoniam
1526 3600 1609 3660 recte
1632 3593 1676 3659 ibi
1702 3595 1822 3680 duplex
1853 3599 2042 3681 opinionum

289 3741 393 3806 genus
416 3720 616 3805 agnoscitur,
636 3719 768 3781 alterum
791 3717 944 3780 humilius
967 3716 1005 3780 ad
1030 3717 1156 3800 singule
1178 3716 1284 3798 (trec
1305 3711 1343 3780 τὸ
1365 3710 1457 3802 παρὸν
1478 3707 1597 3796 ἑκάστῳ
1619 3704 1728 3790 πάθος,
1762 3707 1797 3790 ἐξ
1819 3706 1860 3798 ᾦν
1881 3725 1912 3781 αἱ,
1932 3711 2040 3789 alnul-

290 3864 349 3915 σεις
370 3841 420 3902 καὶ
441 3845 478 3901 αἱ
512 3831 611 3900 κατὰ
642 3827 781 3910 ταύτας
813 3827 918 3910 δόξαι
951 3836 1111 3922 γίγνονται.
1144 3835 1236 3899 1910
1256 3877 1291 3887 -
1317 3837 1439 3917 luen),
1472 3836 1605 3899 allorum
1627 3835 1797 3900 sublimius
1820 3838 1859 3902 nd
1880 3841 2041 3922 generalla

289 3966 434 4047 spectans
457 3959 564 4040 (195ss
591 3997 627 4006 —-
649 3955 764 4038 2000).
809 3956 892 4040 Ergo
924 3976 964 4020 ex
991 3956 1050 4020 hac
1077 3975 1205 4040 quoque
1235 3975 1269 4019 re
1296 3961 1427 4039 apparet
1454 3954 1659 4021 'ihoaetotum
1689 3959 1841 4040 seriptum
1876 3978 1948 4024 osso
1969 3964 2042 4043 post

287 4081 476 4145 Phaedrum.

456 4196 518 4263 Vix
541 4203 657 4281 antem,
679 4198 744 4261 nisi
765 4197 968 4260 vehementer
989 4195 1093 4277 fallor,
1115 4196 1209 4259 etiarn
1221 4197 1256 4260 in
1270 4195 1462 4279 Euthydemi
1483 4196 1548 4260 fine
1567 4196 1737 4260 Isocratem
1755 4199 1840 4278 (nam
1862 4199 1948 4263 hunc
1970 4220 2040 4265 osso

287 4340 495 4403 anonymum,
517 4318 557 4383 de
580 4339 643 4402 quo
664 4317 710 4382 ibi
731 4336 835 4381 sermo
855 4321 917 4400 cst,
938 4317 1031 4381 hodio
1052 4318 1135 4380 inter
1156 4335 1267 4380 omnes
1289 4318 1423 4397 constet)
1450 4317 1494 4381 ite
1513 4315 1748 4400 descripsisset,
1777 4322 1812 4381 ut
1833 4318 1885 4383 hic
1902 4320 1936 4383 in
1958 4319 2040 4383 iudi-

453 4591 488 4642 20
518 4589 601 4644 Recte
618 4588 825 4642 Bonitnius
852 4587 1023 4643 Platonische
1041 4587 1162 4650 Studien,
1179 4586 1220 4641 ed.
1239 4585 1292 4640 llI.
1337 4587 1425 4641 Berol.
1445 4586 1716 4642 MDCCGLXXXVI.
1735 4605 1761 4658 p.
1780 4590 1839 4642 281.
1859 4607 1884 4643 n.
1903 4591 1934 4643 9:
1969 4591 2039 4655 „lle-

287 4674 463 4744 capituhrend
480 4674 741 4743 zrrsenrmeugestellt
758 4674 862 4728 werdon
879 4672 922 4727 die
941 4673 1226 4738 (dreillirtordorniseo
1245 4672 1288 4726 hir
1304 4673 1604 4743 dieKnnstmiiesiglreit
1620 4674 1666 4728 der
1685 4674 1756 4728 Rode
1774 4691 1799 4743 p.
1810 4675 1896 4730 2731)
1986 4677 2038 4732 und

287 4760 428 4815 wiederum
449 4778 474 4831 p.
494 4761 578 4816 ⁶277ss
596 4761 614 4815 l.
694 4759 748 4813 und
761 4759 809 4813 das
822 4759 1011 4825 Erlordorniss,
1029 4761 1071 4815 die
1083 4760 1206 4815 Einsicht
1217 4760 1245 4813 in
1258 4759 1300 4814 die
1313 4760 1406 4822 Saehe,
1425 4758 1491 4813 niro
1502 4759 1640 4816 nochmals
1652 4763 1894 4831 vergegenwnirtigt
1907 4782 1931 4833 p.
1946 4764 1998 4817 278
2007 4768 2037 4819 C:

286 4844 305 4899 εἰ
323 4844 366 4916 μὲν
383 4841 452 4908 εἰδώς
469 4833 485 4918 ᾗ
505 4839 534 4898 τὸ
551 4843 647 4913 ἀληθὲς
666 4845 714 4915 ἔχει
730 4867 752 4896 κ.
771 4864 792 4897 τ.
811 4846 853 4898 λ.“

453 4939 499 4993 ull
518 4934 669 4989 Admodum
688 4934 769 4987 miror
787 4934 995 4988 Vahlenum
1027 4939 1055 4988 et
1082 4933 1324 4997 senensium,
1351 4933 1420 5003 quod
1438 4951 1496 4989 eam
1514 4935 1547 4988 ob
1566 4951 1673 4989 cerream
1690 4934 1774 4991 alen
1795 4939 1839 4991 hu.
1858 4938 1974 4992 reiciunt
1992 4955 2035 4993 co·

286 5021 353 5076 dicis
371 5021 511 5076 Bodleiani
528 5020 669 5075 lectionem
688 5020 707 5072 εἴ
722 5039 748 5072 τε
764 5038 813 5090 pro
832 5018 863 5073 le.
882 5039 907 5073 τε
924 5020 1084 5091 praebentis,
1111 5021 1174 5090 quia
1192 5021 1274 5073 ulau
1292 5037 1383 5090 reapse
1401 5022 1431 5075 in
1448 5022 1540 5075 eodem
1557 5022 1624 5076 libro
1642 5021 1687 5074 εἶτε
1704 5040 1735 5077 ex
1753 5020 1787 5075 ἔτι
1804 5042 1829 5075 τε
1846 5024 1978 5079 scribendi
1996 5043 2036 5079 or·

285 5125 344 5162 rore
362 5113 450 5163 ortum
469 5112 519 5163 est.
563 5106 657 5162 Nonne
675 5108 746 5162 enim
765 5125 847 5178 aeque
874 5109 951 5163 facile
968 5107 1020 5163 hoc
1045 5108 1103 5162 loco
1121 5125 1135 5161 e
1155 5107 1288 5162 contrario
1315 5109 1425 5162 alterius
1444 5108 1559 5162 familiae
1582 5110 1661 5163 lectio
1680 5107 1713 5161 ἔτι
1730 5130 1755 5162 τε
1772 5115 1864 5180 potest
1881 5110 2035 5180 doprravata.

285 5195 365 5249 osse?
384 5194 468 5249 Plane
485 5196 588 5250 incerte
605 5195 690 5262 igitur
706 5211 748 5248 res
767 5200 894 5261 maneret,
914 5196 965 5249 nisi
983 5213 997 5250 e
1017 5194 1152 5249 Ciceronis
1173 5194 1348 5249 translatione
1368 5195 1457 5259 (Brut.
1473 5196 1512 5257 13,
1530 5195 1584 5259 41),
1602 5196 1629 5249 in
1644 5213 1696 5265 que
1717 5199 1789 5252 inest
1806 5202 1891 5263 „aut
1904 5229 1937 5239 -
1950 5194 2031 5252 aut''

285 5281 432 5336 certissime
450 5285 606 5351 sequeretur
625 5281 645 5333 εἷ
662 5301 688 5334 τε
707 5282 760 5336 iam
780 5283 807 5337 in
827 5284 883 5339 eius
900 5284 1019 5354 exemplo
1043 5283 1124 5337 luisse
1142 5282 1280 5351 scriptum.
1299 5281 1392 5351 Neque
1411 5281 1481 5335 enim
1503 5280 1617 5337 Vahle
1629 5300 1646 5337 n
1657 5301 1695 5337 us
1714 5301 1798 5355 nequo
1816 5285 1980 5340 Schanzi
1995 5304 2033 5344 us

284 5367 361 5423 nobis
379 5367 574 5438 explicuerunt,
593 5369 724 5439 quomodo
742 5369 821 5425 ahter
840 5369 878 5425 sit
894 5370 961 5426 haec
978 5387 1020 5425 res
1038 5368 1310 5440 experientiamque
1327 5370 1418 5437 potest
1435 5367 1569 5438 explicari.
