5018 5940
1148 371 1377 446 ..7-

1018 586 1076 651 Da.
1101 584 1135 648 ld.
1158 581 1319 667 Pullum,
1347 606 1426 649 riuv.
1448 605 1513 649 noc.

546 741 697 805 Privatim
731 744 761 824 1)
781 743 1056 826 pathologiam
1088 745 1125 804 et
1146 741 1363 824 therapiam
1387 741 1487 804 madet
1519 741 1601 805 dieb.
1624 740 1705 806 Lan.
1729 740 1795 805 Iov.
1819 741 1900 805 Ven.
1923 743 1989 808 hor.
2014 744 2070 828 VI,
2092 746 2144 809 die

379 862 474 930 Mera.
503 862 568 926 hor.
590 860 653 941 1113
688 864 718 941 2)
746 863 792 926 de
825 868 928 926 recta
961 866 1110 929 ratione
1140 868 1320 948 aegrotos
1355 863 1611 926 examinandi
1643 861 1969 949 morborumque,
2001 865 2143 949 quibus

379 982 510 1045 allecti
543 986 647 1063 sunt,
680 1000 842 1044 cursum
874 984 1125 1048 cotidianum
1149 990 1184 1048 et
1207 983 1446 1047 observandi
1477 988 1515 1046 et
1536 982 1805 1047 describendi
1840 984 1974 1047 disseret
1998 985 2049 1048 die
2079 984 2141 1049 Sat.

379 1105 442 1167 hor.
470 1103 509 1181 V3
534 1104 563 1184 3)
584 1103 627 1165 de
650 1104 929 1167 vaccinatioue
956 1104 1091 1168 disseret
1117 1110 1148 1168 et
1174 1106 1406 1168 raccinandi
1429 1105 1683 1188 operationes
1706 1103 1920 1168 moderabitur
1943 1103 2025 1167 dieb.
2051 1103 2140 1167 Mart.

376 1231 408 1287 et
430 1223 511 1287 Van.
535 1223 600 1286 hor.
625 1219 697 1284 VII.

758 1570 836 1682 IV.
911 1571 1188 1687 sehunna
1227 1571 1766 1686 PHILOSOPHORUM.

928 1809 957 1887 1)
977 1811 1250 1869 Puoxussouuu
1269 1809 1580 1868 (tumultuosum,

935 1989 995 2054 Da.
1017 1989 1052 2053 Ε.
1075 1985 1337 2071 ΚΟΒΟΗΙΙΙΤΖ,
1358 2009 1386 2052 Ρ.
1409 2009 1437 2051 Ρ.
1459 2007 1486 2051 ο.
1516 2008 1583 2052 nac.

538 2145 565 2223 Ι)
593 2144 724 2209 Publice
758 2146 793 2208 in
829 2147 1002 2209 seminario
1036 2144 1233 2211 Romanensi
1268 2145 1572 2209 exercitationes
1601 2142 1646 2206 ad
1678 2142 1877 2206 Molierum
1917 2147 2138 2226 spectantes

372 2268 517 2330 instituet
539 2266 590 2329 dio
613 2263 675 2328 Sat.
698 2265 762 2327 hor.
789 2262 840 2327 xt.
863 2270 894 2329 et
928 2263 997 2328 Xll.
1031 2302 1073 2311 —
1105 2264 1148 2344 ΙΙ)
1171 2264 1324 2329 Privatim
1360 2263 1628 2347 grammaticae
1662 2261 1981 2344 Francogallicao
2015 2269 2136 2346 partem

371 2388 510 2469 priorem
533 2384 633 2448 tradat
655 2383 737 2447 dieb.
761 2382 841 2446 Lnu.
867 2383 956 2448 Mart.
979 2382 1047 2448 Iov.
1072 2384 1152 2448 Van.
1174 2384 1241 2447 hor.
1265 2381 1322 2445 IX.

957 2592 1015 2662 Dra
1037 2597 1073 2661 Ε.
1097 2593 1373 2679 BAUMSTARK,
1393 2617 1421 2660 Ρ.
1444 2617 1471 2660 Ρ.
1496 2616 1523 2660 o.

540 2751 568 2832 Ι)
589 2751 721 2817 Publice
754 2752 797 2817 de
831 2753 1113 2816 constitutione
1145 2754 1256 2836 regni
1278 2751 1480 2816 Borussici
1511 2751 1672 2835 politica
1694 2753 1899 2836 expositurus
1924 2757 1973 2815 est
1995 2752 2045 2817 dio
2068 2752 2136 2817 lov.

371 2871 435 2935 hor.
458 2870 514 2934 Ill.
550 2911 589 2920 -
623 2872 668 2954 Π)
690 2870 843 2936 Privatim
865 2872 1014 2937 reditus
1037 2872 1277 2956 reipublicae
1300 2872 1552 2938 moderandos
1576 2872 1702 2937 docebit
1724 2870 1806 2934 dieb.
1828 2871 1917 2935 Mart.
1941 2871 2039 2936 Mero.
2062 2871 2131 2937 Iov.

372 2991 451 3054 Veri.
477 2991 540 3055 Sat.
563 2993 629 3056 hor.
651 2992 707 3056 ΙΙΙ.

1005 3111 1064 3177 Da.
1088 3115 1127 3177 Α.
1150 3111 1190 3176 Η.
1213 3110 1354 3194 Baias,
1373 3133 1401 3176 Ρ.
1423 3133 1450 3175 Ρ.
1475 3132 1503 3175 o.

535 3267 563 3350 Ι)
590 3266 721 3333 Publice
763 3270 946 3355 isagogen
980 3271 1016 3332 in
1050 3267 1336 3351 philosophiam
1371 3266 1496 3330 (locabit
1522 3265 1605 3331 dieb.
1639 3267 1732 3333 Mero.
1763 3273 1795 3334 et
1817 3269 1878 3335 Sat.
1910 3271 1975 3335 hor.
1997 3268 2066 3334 XII.
2094 3309 2135 3320 —

368 3387 413 3472 ΙΙ)
436 3387 587 3452 Privatim
612 3388 814 3453 historiam
834 3390 1108 3475 philosophiae
1131 3389 1358 3453 universam
1381 3388 1481 3452 tradet
1503 3389 1699 3471 quinquiens
1723 3409 1779 3475 per
1806 3390 1897 3454 hebd.
1919 3392 1986 3455 hor.
2008 3389 2068 3454 XI.
2092 3426 2133 3437 -

367 3508 428 3591 ΙΙΙ)
450 3508 668 3573 Privatissime
696 3510 752 3573 sed
780 3512 878 3592 gratis
911 3511 1217 3575 exercitationes
1251 3508 1542 3592 philosophicas
1572 3509 1624 3591 (de
1655 3509 1763 3574 Kantii
1786 3511 1996 3596 philosophia)
2024 3511 2133 3575 mode·

367 3630 487 3694 rabitur
509 3629 560 3694 die
582 3627 644 3694 Sat.
667 3629 732 3693 hor.
755 3629 794 3692 V.
811 3634 842 3692 et
858 3628 913 3692 Vl.

982 3790 1041 3857 Da.
1063 3790 1105 3855 H.
1127 3789 1369 3875 LIMPRIOHT,
1398 3812 1426 3855 Ρ.
1447 3813 1474 3855 Ρ.
1494 3812 1522 3856 o.

525 3940 563 4025 ΙΙ)
585 3940 717 4008 Publice
739 3943 782 4007 de
803 3945 960 4009 selectis
984 3943 1220 4030 quibusdam
1242 3946 1412 4009 chemiae
1436 3946 1536 4009 locis
1560 3945 1694 4011 disseret
1717 3946 1816 4010 semel
1837 3967 1868 4030 p.
1886 3947 1915 4010 h.
1934 3947 1998 4009 hor.
2016 3945 2132 4009 del.-

368 4059 411 4141 Il)
437 4059 587 4125 Privatim
619 4065 650 4146 1)
682 4065 853 4129 chemiae
885 4069 1035 4149 partem
1070 4066 1234 4150 priorem
1265 4066 1366 4129 tradet
1397 4067 1528 4128 sexiens
1557 4086 1585 4149 p.
1622 4066 1651 4130 h.
1687 4067 1753 4131 hor.
1786 4064 1884 4146 Vlll.;
1928 4068 1960 4148 2)
1993 4067 2130 4151 praxin

367 4181 575 4246 chemicam
598 4202 751 4250 unacum
767 4185 944 4269 professore
960 4185 1188 4251 Schwanert
1209 4188 1354 4250 instituet
1369 4187 1457 4250 senis
1476 4190 1507 4249 et
1521 4186 1679 4251 duodenis
1701 4192 1732 4251 et
1745 4188 1875 4250 tricenis
1890 4208 1920 4271 p.
1938 4188 1966 4250 h.
1984 4188 2051 4251 hor.
2069 4187 2130 4251 def.

925 4399 984 4465 Da.
1010 4399 1119 4465 GUIL.
1143 4397 1402 4482 AHLWARD'I’,
1425 4420 1453 4464 Ρ.
1478 4421 1497 4464 Ρ
1519 4421 1547 4465 o.

532 4549 717 4619 Commenta
740 4555 906 4642 impetrato
928 4557 1054 4621 scholas
1076 4576 1141 4621 non
1163 4555 1301 4621 habebit.

908 4769 967 4840 Da.
989 4771 1023 4836 Ι.
1047 4771 1081 4836 Ι.
1098 4769 1131 4835 C.
1151 4772 1186 4840 u.
1209 4769 1429 4854 susuufflu,
1450 4790 1477 4834 Ρ.
1501 4791 1528 4834 Ρ.
1553 4789 1581 4834 0.

530 4922 557 5005 Ι)
579 4924 712 4991 Publice
734 4927 937 4992 historiam
957 4929 1188 5012 tragoediae
1205 4928 1372 4993 Graecae
1394 4924 1554 4992 enarrabit
1574 4923 1656 4988 dieb.
1671 4923 1765 4988 Mera.
1791 4928 1824 4988 et
1843 4923 1904 4989 Sat.
1920 4924 1985 4989 hor.
1998 4922 2069 4989 XII.
2084 4961 2126 4973 -

363 5043 408 5130 ΙΙ)
439 5044 592 5111 Privatim
631 5048 835 5112 historiam
875 5049 1093 5113 litterarum
1132 5049 1361 5113 Graecarum
1397 5048 1539 5111 aetatis
1582 5044 1883 5110 Alexandrinae
1911 5043 2013 5108 tradet
2042 5044 2125 5110 dieb.

362 5164 443 5229 Lun.
469 5165 533 5230 lor.
557 5167 646 5232 Mart.
671 5168 752 5232 Van.
778 5169 842 5233 hor.
868 5167 941 5232 XII.
965 5206 1005 5216 -
1034 5168 1095 5253 ΙΙΙ)
1117 5168 1335 5234 Privatissime
1362 5167 1417 5232 sed
1439 5169 1537 5251 gratis
1560 5166 1887 5229 exercitationes
1921 5167 2124 5230 Aristote-

247 5341 249 5343 ,
362 5286 461 5350 licas
483 5287 697 5353 moderabitur
718 5287 768 5352 bis
790 5308 819 5372 p.
841 5288 871 5351 h.
896 5288 961 5352 hor.
986 5289 1044 5354 dai.
