5018 5940
1203 414 1259 489 IX

364 628 417 708 qni
441 628 536 691 thiasi
557 630 727 694 academici
751 631 904 714 originem
928 631 962 692 in
986 650 1070 692 anno
1086 629 1215 692 dcmnrn
1232 630 1293 691 388
1317 629 1365 691 rel
1390 630 1450 692 38?
1467 628 1632 691 collocant:
1651 647 1736 690 nnnc
1758 648 1832 692 roro
1853 629 1987 692 eandem
2012 627 2115 708 ipsam

362 743 401 807 eb
425 765 551 810 cansam
575 748 778 814 utLaertium
802 747 978 831 Diogenem
1003 752 1131 813 secutus
1154 751 1215 812 iam
1239 750 1301 812 alio
1323 750 1390 813 lece
1405 752 1442 831 ¹⁷)
1464 748 1589 813 scholae
1612 747 1707 810 huius
1731 749 1855 810 initium
1871 747 2116 829 Phaedrumque

363 866 432 927 eins
455 867 667 949 prolusionem
692 873 785 933 annis
813 872 989 945 acl-392,
1011 857 1157 934 isocratis
1186 875 1291 932 antem
1313 869 1389 933 illud
1411 889 1607 953 programma
1622 869 1716 930 annis
1731 868 1796 930 fere
1819 869 1984 931 392-390
2006 864 2119 945 tribui,

365 987 406 1048 ita
427 987 558 1052 tirmiter
580 1009 747 1072 persevero
773 992 805 1053 in
828 990 886 1053 hac
907 993 1070 1054 sententia.

530 1109 573 1172 Ut
586 1114 691 1173 tamen
706 1111 815 1175 eadem
833 1111 919 1171 omni
934 1128 975 1171 cx
991 1117 1078 1192 parte
1095 1114 1176 1173 stare
1192 1110 1295 1192 queat,
1312 1107 1415 1170 lenius
1431 1108 1615 1191 corrigenda
1631 1114 1678 1171 est
1702 1109 1796 1169 etiam
1819 1104 1999 1170 Sieheclri
2015 1103 2053 1167 de
2068 1124 2116 1166 ra-

363 1226 459 1306 tione,
472 1247 536 1310 qna
547 1249 619 1294 curn
634 1231 749 1315 Gorgia
763 1230 886 1313 dialogo
901 1237 992 1292 antea
1003 1232 1118 1313 scripto
1133 1231 1321 1292 curriunctus
1337 1232 1384 1289 est
1396 1224 1567 1308 Phaedrae,
1580 1229 1705 1310 egregia
1721 1227 1897 1311 disputatio
1920 1223 2016 1288 Plane
2032 1225 2117 1286 enim

369 1366 479 1410 rernm
498 1353 547 1411 θεῖ
569 1352 625 1433 qni
640 1351 741 1414 solum
760 1350 907 1433 Gorgiam
930 1352 1049 1432 legerit,
1072 1370 1145 1414 eum
1169 1370 1231 1411 nen
1256 1368 1349 1432 posse
1371 1369 1433 1412 non
1451 1349 1577 1412 credere
1599 1368 1641 1410 ex
1657 1347 1796 1410 Platonis
1820 1347 1976 1410 sententia
1996 1342 2117 1406 millam

365 1484 437 1528 osso
462 1468 676 1552 eloquentiam
707 1490 799 1533 verae
822 1472 896 1533 artis
927 1469 1058 1554 (τέχνης)
1085 1471 1290 1552 participem,
1324 1468 1379 1530 sed
1402 1487 1528 1531 omnem
1552 1487 1623 1531 esse
1645 1461 1771 1551 ἄτεχνον
1793 1457 1909 1552 τριβῖν,
1945 1467 2053 1528 centra
2083 1463 2117 1525 in

365 1583 506 1650 Phaedre
530 1592 567 1671 (p.
590 1589 685 1652 ‘260E
708 1592 789 1673 sqq.)
811 1596 934 1672 praeter
957 1591 1037 1652 hanc
1059 1591 1223 1673 vulgarem
1252 1588 1428 1670 falsamque
1450 1589 1543 1651 etiam
1567 1607 1674 1650 reram
1697 1588 1826 1670 agnosci
1850 1591 1882 1649 et
1903 1584 2062 1664 constitui,
2085 1583 2119 1644 in

365 1727 458 1789 qnam
484 1728 547 1770 nen
572 1709 662 1771 cadat
682 1710 838 1772 eiusmodi
861 1695 1204 1793 vituperatie,etia1n
1227 1708 1308 1770 hanc
1331 1706 1369 1770 ob
1392 1727 1519 1771 cansam
1543 1709 1675 1772 minime
1699 1725 1770 1769 esse
1792 1705 2019 1785 dubitandum,
2042 1703 2120 1785 qnin

365 1824 525 1889 Phaedrus
547 1834 617 1912 post
640 1828 787 1911 Gorgiam
809 1836 896 1892 ortus
921 1832 970 1892 sit.
1015 1829 1128 1912 Neque
1151 1831 1258 1891 minus
1274 1847 1384 1891 rerum
1402 1832 1451 1890 est
1472 1830 1503 1891 in
1527 1826 1670 1890 Phaedro
1686 1826 1806 1907 (261Α)
1822 1825 1969 1909 Gorgiam
1992 1823 2068 1906 (453
2081 1823 2119 1884 A.

364 1945 469 2024 raah)
493 1948 535 2009 ita
557 1950 662 2028 citari,
694 1955 728 2011 ut
760 1951 890 2011 ommno
919 1949 976 2011 hec
1007 1948 1076 2012 lieri
1099 1954 1201 2032 potest
1229 1950 1261 2010 in
1285 1948 1385 2011 forma
1407 1947 1570 2030 dialogico.
1626 1949 1669 2009 at
1690 1948 1853 2029 expressis
1876 1944 1982 2008 verbis
2004 1943 2118 2006 addere

365 2063 499 2127 debebat
520 2069 569 2128 vir
590 2067 793 2130 doctissimus
816 2088 879 2131 non
911 2069 1013 2132 selum
1037 2071 1068 2130 in
1092 2070 1182 2131 initio
1205 2069 1487 2151 argumentationis
1512 2069 1607 2129 unius
1630 2072 1660 2128 ct
1681 2067 1871 2146 continuae,
1900 2084 1982 2150 quae
2004 2065 2119 2147 legitur

365 2183 614 2268 aura-2690,
647 2187 723 2250 haec
752 2186 914 2272 θρέμματα
946 2199 1064 2271 γενναῖα
1093 2190 1191 2252 aula
1222 2192 1350 2252 crocata
1377 2205 1394 2248 e
1419 2186 1534 2268 (iurgia
1566 2185 1672 2265 (terh
1696 2192 1779 2269 sqq.)
1812 2185 1978 2268 paululum
2001 2188 2120 2246 mutata

365 2299 502 2366 brerihrr
530 2308 631 2387 repeti
660 2307 886 2392 nonnullisque
914 2308 1134 2372 additamentis
1157 2308 1280 2392 augeri,
1314 2305 1368 2368 sed
1397 2306 1491 2368 etiam
1518 2307 1552 2367 in
1575 2305 1685 2367 ultima
1716 2306 1812 2368 hnins
1835 2304 2118 2389 argumentationis

367 2427 452 2503 parte
477 2424 725 2507 accc-2690,
756 2427 788 2489 id
811 2428 895 2510 qnod
919 2446 1015 2511 snpra
1037 2431 1099 2493 iam
1123 2430 1248 2509 monui,
1276 2445 1404 2510 prorsus
1433 2444 1516 2487 nora
1546 2425 1666 2487 ratione
1697 2426 1778 2488 idem
1801 2425 1880 2488 illud
1900 2424 2118 2502 demonstrari,

366 2540 435 2604 dice
460 2562 524 2606 non
556 2543 664 2629 τέχνην
686 2564 757 2609 esse
781 2566 863 2629 qnae
884 2549 1082 2632 protulerunt
1105 2550 1231 2612 Artium
1254 2547 1432 2628 scriptercS,
1455 2543 1510 2606 scd
1529 2537 1570 2603 τὰ
1583 2537 1637 2628 πρὸ
1653 2547 1707 2616 τῆς
1721 2543 1828 2629 τέχνης
1842 2548 1974 2607 tantum.
2007 2542 2120 2625 Neque

365 2666 429 2722 tam
454 2670 619 2746 accurate,
653 2685 747 2749 quam
773 2666 835 2729 dici
856 2667 1007 2750 debehat,
1041 2666 1290 2731 aSiebeclrie
1314 2665 1430 2728 dictum
1454 2667 1502 2726 est
1532 2666 1695 2744 craterem,
1730 2667 1784 2748 qui
1815 2670 1913 2727 artem
1934 2667 2121 2726 exerceata

365 2777 496 2844 Platone
520 2784 593 2846 inde
616 2805 634 2846 a
657 2785 761 2847 verbis
791 2786 861 2847 ὅσον
889 2778 924 2848 δὲ
945 2785 1038 2848 αὐτοῦ
1061 2786 1175 2871 τέχνη
1197 2784 1291 2849 2691)
1316 2785 1478 2868 usquead
1503 2781 1597 2845 272ss
1620 2783 1821 2865 descriptam,
1842 2804 1860 2846 e
1882 2782 2023 2846 Platonis
2046 2802 2118 2846 sen-

365 2902 462 2963 tentia
485 2904 626 2966 nondum
649 2905 708 2967 hac
729 2906 762 2967 in
784 2925 818 2969 re
841 2925 912 2969 esse
933 2907 1165 2990 philosophum,
1187 2905 1242 2969 sed
1256 2924 1328 2969 rere
1344 2906 1564 2987 philosopham
1580 2906 1793 2988 eloquentiam
1817 2905 1966 2967 lectiones
1990 2904 2117 2966 demum

366 3038 438 3081 esse
459 3021 674 3107 philosophiae
698 3027 858 3108 magistri,
884 3026 923 3090 de
953 3027 1070 3110 quibus
1102 3031 1211 3110 postca
1233 3026 1361 3088 demum
1384 3027 1484 3089 aloa
1507 3047 1574 3109 sqq.
1598 3045 1701 3088 sermo
1724 3022 1824 3107 sit¹⁸).

533 3141 634 3208 imme
662 3146 738 3209 haec
768 3149 816 3209 est
837 3145 978 3209 Platonis
1006 3147 1230 3210 demonstratio
1252 3144 1487 3207 acac-roeo
1533 3146 1666 3209 Etiamsi
1687 3144 1859 3208 concedere
1881 3143 1995 3223 velles,
2024 3142 2118 3226 qnod,

367 3259 462 3342 vulgo
485 3262 632 3346 creditur,
656 3286 719 3329 nen
743 3266 774 3329 id
798 3267 973 3331 curandum
996 3285 1067 3330 esse
1090 3267 1213 3346 oratori,
1236 3270 1270 3327 nt
1292 3265 1454 3326 raritatem
1479 3265 1605 3346 doceat,
1629 3265 1683 3329 sed
1706 3265 1736 3327 id
1762 3269 1901 3344 tantum,
1923 3264 1957 3324 ut
1980 3263 2117 3345 speciem

366 3380 480 3444 elliciat
501 3386 640 3447 veritatis
663 3388 732 3449 sire
755 3389 873 3449 rectam
896 3389 964 3450 sire
987 3387 1114 3467 salsam,
1144 3392 1247 3448 umen
1273 3388 1310 3447 nt
1333 3384 1412 3446 alios
1435 3391 1518 3448 certo
1542 3391 1667 3448 etcum
1690 3390 1754 3448 arte
1776 3383 1882 3446 fallere
1905 3384 2031 3465 sibique
2053 3383 2116 3464 ipsi

366 3521 478 3565 cavere
501 3510 604 3586 (queat,
625 3524 666 3567 ne
687 3503 726 3568 ab
746 3505 934 3568 advorsariis
955 3506 1090 3587 fallatur,
1112 3505 1150 3569 ab
1174 3526 1210 3569 ce
1232 3507 1304 3589 ipse
1327 3504 1402 3567 seiri
1423 3524 1555 3568 necesse
1578 3511 1626 3568 cst
1641 3525 1749 3569 reram
1764 3509 1908 3567 naturam
1923 3503 1970 3564 rei
1984 3504 2117 3563 tractan-

369 3619 437 3703 dae,
460 3621 518 3685 hoc
542 3628 590 3686 est
613 3626 757 3689 notiones
780 3627 842 3703 (vel
866 3627 965 3704 ideas)
986 3646 1112 3708 rerum,
1134 3646 1197 3689 non
1222 3625 1325 3689 solnm
1348 3626 1523 3689 secundum
1546 3632 1786 3707 argumentum,
1810 3623 1864 3687 sed
1887 3623 1980 3685 etiam
2005 3639 2117 3683 secun-

366 3739 440 3801 dnm
458 3741 587 3805 ferinam
604 3763 641 3806 ac
657 3745 850 3827 methodum,
865 3746 925 3809 hoc
941 3751 990 3809 est
1011 3746 1186 3811 secundnm
1201 3750 1298 3809 artem
1322 3750 1467 3810 notiones
1482 3748 1515 3808 in
1531 3767 1632 3810 unum
1651 3741 1934 3829 comprehendendi
1949 3745 1980 3804 et
1996 3742 2029 3803 in
2045 3760 2115 3824 spe-

365 3861 430 3921 cies
454 3861 626 3945 dividendi,
649 3885 712 3948 qna
734 3867 828 3928 etiam
850 3867 961 3930 nititur
983 3865 1064 3930 hene
1092 3867 1282 3949 disponendi
1314 3887 1373 3930 ars.
1417 3867 1520 3930 Nemo
1551 3866 1647 3949 igitur
1669 3867 1745 3928 artis
1767 3865 1938 3927 rhetoricae
1961 3865 2008 3924 est
2031 3868 2115 3923 cenr-

364 3998 431 4063 pos,
453 3983 507 4063 qui
528 3983 658 4065 ignarus
689 3988 737 4047 est
769 3984 949 4049 dialecticae
981 3990 1047 4049 tom
1081 3987 1256 4050 secundum
1289 3994 1511 4070 argumentum
1544 3992 1612 4051 tam
1645 3986 1821 4050 secundum
1848 3987 1988 4047 termam.
2032 3981 2114 4066 Ergo

370 4101 446 4163 artis
469 4102 641 4165 rhetoricae
662 4105 883 4185 magistrorum
906 4111 954 4167 est
975 4115 1032 4168 aut
1058 4106 1252 4170 dialecticam
1272 4107 1383 4170 docere
1405 4113 1459 4171 ant
1480 4108 1655 4190 postulare,
1688 4115 1722 4170 ut
1744 4104 1890 4187 discipuli
1922 4122 1991 4165 cam
2013 4105 2075 4165 iam
2097 4123 2115 4166 a

363 4222 560 4305 philosophis
583 4223 757 4286 didicerint.
803 4223 884 4288 lllnd
908 4224 1014 4288 abeis
1036 4245 1097 4289 non
1120 4225 1190 4289 ficri
1212 4246 1400 4291 concessum
1422 4235 1488 4291 cst:
1520 4228 1579 4292 hoc
1602 4234 1706 4292 antem
1737 4226 1861 4289 etiamsi
1883 4242 1995 4286 revera
2017 4225 2114 4286 senti-

367 4348 448 4423 rent,
470 4343 520 4405 rel
547 4344 593 4405 sic
615 4344 677 4425 ipsi
700 4344 899 4408 ostenderent
922 4366 1003 4429 eam,
1026 4366 1121 4429 qnam
1142 4347 1338 4431 profitentur,
1367 4349 1552 4411 rhetoricam
1571 4368 1635 4411 non
1659 4367 1730 4410 esso
1750 4365 1860 4409 revera
1881 4349 1987 4406 artem.
2031 4342 2114 4406 Nam

364 4481 446 4544 qnae
467 4481 578 4545 reapse
600 4464 633 4525 in
656 4464 864 4547 compendiis,
886 4486 964 4548 quas
988 4468 1081 4530 Artes
1106 4473 1229 4549 vocant,
1251 4466 1289 4531 ab
1312 4469 1358 4531 eis
1381 4467 1533 4531 docentur
1555 4488 1617 4530 non
1633 4488 1705 4531 esse
1721 4472 1829 4547 artem,
1852 4466 1907 4529 sed
1923 4484 1961 4527 ea
1982 4468 2114 4547 tantum,

365 4586 492 4665 quaein
505 4603 566 4648 usu
580 4587 654 4648 artis
670 4588 746 4648 sunt
766 4580 819 4668 (τὰ
837 4578 892 4671 πρὸ
918 4590 972 4659 τῆς
985 4586 1116 4672 τέχνης),
1136 4609 1176 4653 ex
1195 4590 1326 4652 aliarum
1343 4591 1456 4652 artium
1468 4589 1625 4671 exemplis
1640 4590 1731 4652 facile
1747 4595 1794 4652 est
1808 4589 2033 4653 demonstratu.
2059 4588 2115 4649 at-

531 4840 577 4908 17)
596 4839 637 4893 De
655 4840 719 4893 vitis
737 4840 825 4894 Tisiae
843 4843 894 4894 etc.
913 4857 938 4909 p.
957 4840 1128 4896 xlv-xlx.

529 4927 689 4997 18)Pni101.
708 4929 724 4982 l.
743 4928 761 4981 l.
780 4945 805 4997 p.
827 4927 893 4981 175:
921 4927 980 4990 ..Im
1005 4920 1119 4996 Gorgias
1146 4929 1221 4997 gicht
1239 4948 1267 4984 es
1284 4931 1328 4983 thr
1348 4931 1425 4985 Plato
1446 4948 1496 4984 nur
1513 4932 1574 4983 anci
1593 4929 1787 4984 Unterschiodo
1806 4929 1852 4982 der
1869 4930 1973 4983 Redirer
1991 4930 2048 4994 (liz
2067 4929 2114 4982 der

361 5012 545 5081 geirdhnliche
562 5015 665 5069 Rhetor
684 5014 737 5067 und
764 5015 811 5069 dor
837 5015 886 5069 anf
908 5015 1060 5084 Bessernng
1086 5017 1132 5069 der
1159 5017 1303 5070 hleoschen
1329 5017 1413 5071 durch
1439 5018 1512 5071 seina
1533 5017 1622 5069 Redon
1642 5017 1776 5070 bedachte
1793 5016 1938 5085 Philosoph
1958 5016 2051 5082 (socc
2071 5017 2112 5081 t).

364 5101 405 5153 lm
423 5100 560 5154 Phaedrus
577 5101 712 5167 hingegen
731 5102 930 5155 unterscheidet
946 5119 975 5156 er
1001 5102 1075 5155 drei
1101 5104 1186 5156 Arten
1203 5120 1253 5157 von
1272 5105 1421 5172 Aushbung
1439 5103 1485 5156 dor
1503 5101 1670 5157 Redelrnnst:
1698 5103 1740 5156 die
1758 5103 1891 5156 Rhetorik
1909 5102 2113 5170 genohnlichen

363 5184 499 5252 Schlages,
518 5202 543 5254 p.
564 5186 644 5238 259ss
663 5187 698 5250 a,
725 5186 826 5240 eedann
853 5186 895 5241 die
922 5188 1086 5243 namentlich
1104 5190 1146 5255 (P)
1173 5188 1257 5243 dnrch
1275 5190 1494 5258 psychologischo
1521 5189 1645 5245 Einsicht
1672 5190 1801 5244 veredelte
1828 5190 1956 5243 Rhetorilr
1984 5189 2044 5255 (wie
2072 5189 2111 5242 sie

360 5269 461 5325 Platon
479 5272 537 5325 sich
555 5272 660 5342 denkt),
678 5273 720 5326 die
739 5274 778 5327 als
797 5272 886 5327 selcha
903 5273 973 5327 noch
992 5273 1069 5328 nieht
1087 5274 1258 5344 Philosophia
1277 5275 1321 5339 ist,
1340 5293 1365 5346 p.
1386 5277 1553 5330 acen-rm
1563 5277 1595 5341 B,
1623 5278 1728 5332 ondlich
1748 5277 1790 5331 die
1809 5274 2025 5328 nrrterrichtende
2044 5275 2109 5328 Phi·

363 5358 483 5431 losephie
500 5358 591 5427 selbot,
610 5378 635 5433 p.
654 5360 733 5415 276A
750 5362 776 5415 ff.
